
@ARTICLE{Alberts2014,
   author = {{Alberts}, S. and {Pope}, A. and {Brodwin}, M. and {Atlee}, D.~W. and
	{Lin}, Y.-T. and {Dey}, A. and {Eisenhardt}, P.~R.~M. and {Gettings}, D.~P. and
	{Gonzalez}, A.~H. and {Jannuzi}, B.~T. and {Mancone}, C.~L. and
	{Moustakas}, J. and {Snyder}, G.~F. and {Stanford}, S.~A. and
	{Stern}, D. and {Weiner}, B.~J. and {Zeimann}, G.~R.},
    title = "{The evolution of dust-obscured star formation activity in galaxy clusters relative to the field over the last 9 billion years}",
  journal = {\mnras},
archivePrefix = "arXiv",
   eprint = {1310.6040},
 keywords = {galaxies: clusters: general, galaxies: evolution, galaxies: high-redshift, infrared: galaxies},
     year = 2014,
    month = jan,
   volume = 437,
    pages = {437-457},
      doi = {10.1093/mnras/stt1897},
   adsurl = {http://adsabs.harvard.edu/abs/2014MNRAS.437..437A},
  adsnote = {Provided by the SAO/NASA Astrophysics Data System}
}


@ARTICLE{Canameras2015,
   author = {{Ca{\~n}ameras}, R. and {Nesvadba}, N.~P.~H. and {Guery}, D. and
	{McKenzie}, T. and {K{\"o}nig}, S. and {Petitpas}, G. and {Dole}, H. and
	{Frye}, B. and {Flores-Cacho}, I. and {Montier}, L. and {Negrello}, M. and
	{Beelen}, A. and {Boone}, F. and {Dicken}, D. and {Lagache}, G. and
	{Le Floc'h}, E. and {Altieri}, B. and {B{\'e}thermin}, M. and
	{Chary}, R. and {de Zotti}, G. and {Giard}, M. and {Kneissl}, R. and
	{Krips}, M. and {Malhotra}, S. and {Martinache}, C. and {Omont}, A. and
	{Pointecouteau}, E. and {Puget}, J.-L. and {Scott}, D. and {Soucail}, G. and
	{Valtchanov}, I. and {Welikala}, N. and {Yan}, L.},
    title = "{Planck's dusty GEMS: The brightest gravitationally lensed galaxies discovered with the Planck all-sky survey}",
  journal = {\aap},
 keywords = {galaxies: high-redshift, galaxies: star formation, galaxies: starburst, submillimeter: galaxies, gravitational lensing: strong, galaxies: formation},
     year = 2015,
    month = sep,
   volume = 581,
      eid = {A105},
    pages = {A105},
      doi = {10.1051/0004-6361/201425128},
   adsurl = {http://adsabs.harvard.edu/abs/2015A%26A...581A.105C},
  adsnote = {Provided by the SAO/NASA Astrophysics Data System}
}

@ARTICLE{Canameras2017ALMA,
   author = {{Ca{\~n}ameras}, R. and {Nesvadba}, N. and {Kneissl}, R. and
	{Frye}, B. and {Gavazzi}, R. and {Koenig}, S. and {Le Floc'h}, E. and
	{Limousin}, M. and {Oteo}, I. and {Scott}, D.},
    title = "{Planck's dusty GEMS. IV. Star formation and feedback in a maximum starburst at z = 3 seen at 60-pc resolution}",
  journal = {\aap},
archivePrefix = "arXiv",
   eprint = {1704.05853},
 keywords = {galaxies: starburst, galaxies: high-redshift, submillimeter: galaxies, galaxies: evolution, galaxies: star formation, galaxies: ISM},
     year = 2017,
    month = aug,
   volume = 604,
      eid = {A117},
    pages = {A117},
      doi = {10.1051/0004-6361/201630186},
   adsurl = {http://adsabs.harvard.edu/abs/2017A%26A...604A.117C},
  adsnote = {Provided by the SAO/NASA Astrophysics Data System}
}

@ARTICLE{Canameras2017lens,
   author = {{Ca{\~n}ameras}, R. and {Nesvadba}, N.~P.~H. and {Kneissl}, R. and
	{Limousin}, M. and {Gavazzi}, R. and {Scott}, D. and {Dole}, H. and
	{Frye}, B. and {Koenig}, S. and {Le Floc'h}, E. and {Oteo}, I.
	},
    title = "{Planck's dusty GEMS. III. A massive lensing galaxy with a bottom-heavy stellar initial mass function at z = 1.5}",
  journal = {\aap},
archivePrefix = "arXiv",
   eprint = {1703.02984},
 keywords = {galaxies: high-redshift, galaxies: evolution, galaxies: star formation, galaxies: stellar content, infrared: galaxies, submillimeter: galaxies},
     year = 2017,
    month = apr,
   volume = 600,
      eid = {L3},
    pages = {L3},
      doi = {10.1051/0004-6361/201630359},
   adsurl = {http://adsabs.harvard.edu/abs/2017A%26A...600L...3C},
  adsnote = {Provided by the SAO/NASA Astrophysics Data System}
}



@ARTICLE{Combes2012,
   author = {{Combes}, F. and {Rex}, M. and {Rawle}, T.~D. and {Egami}, E. and
	{Boone}, F. and {Smail}, I. and {Richard}, J. and {Ivison}, R.~J. and
	{Gurwell}, M. and {Casey}, C.~M. and {Omont}, A. and {Berciano Alba}, A. and
	{Dessauges-Zavadsky}, M. and {Edge}, A.~C. and {Fazio}, G.~G. and
	{Kneib}, J.-P. and {Okabe}, N. and {Pell{\'o}}, R. and {P{\'e}rez-Gonz{\'a}lez}, P.~G. and
	{Schaerer}, D. and {Smith}, G.~P. and {Swinbank}, A.~M. and
	{van der Werf}, P.},
    title = "{A bright z = 5.2 lensed submillimeter galaxy in the field of Abell 773. HLSJ091828.6+514223}",
  journal = {\aap},
archivePrefix = "arXiv",
   eprint = {1201.2908},
 keywords = {galaxies: evolution, galaxies: high-redshift, galaxies: ISM, infrared: galaxies, submillimeter: galaxies, galaxies: individual: HLSJ091828.6+514223},
     year = 2012,
    month = feb,
   volume = 538,
      eid = {L4},
    pages = {L4},
      doi = {10.1051/0004-6361/201118750},
   adsurl = {http://adsabs.harvard.edu/abs/2012A%26A...538L...4C},
  adsnote = {Provided by the SAO/NASA Astrophysics Data System}
}

@ARTICLE{DeZotti2018,
   author = {{De Zotti}, G. and {Gonz{\'a}lez-Nuevo}, J. and {Lopez-Caniego}, M. and
	{Negrello}, M. and {Greenslade}, J. and {Hern{\'a}ndez-Monteagudo}, C. and
	{Delabrouille}, J. and {Cai}, Z.-Y. and {Bonato}, M. and {Ach{\'u}carro}, A. and
	{Ade}, P. and {Allison}, R. and {Ashdown}, M. and {Ballardini}, M. and
	{Banday}, A.~J. and {Banerji}, R. and {Bartlett}, J.~G. and
	{Bartolo}, N. and {Basak}, S. and {Bersanelli}, M. and {Biesiada}, M. and
	{Bilicki}, M. and {Bonaldi}, A. and {Bonavera}, L. and {Borrill}, J. and
	{Bouchet}, F. and {Boulanger}, F. and {Brinckmann}, T. and {Bucher}, M. and
	{Burigana}, C. and {Buzzelli}, A. and {Calvo}, M. and {Carvalho}, C.~S. and
	{Castellano}, M.~G. and {Challinor}, A. and {Chluba}, J. and
	{Clements}, D.~L. and {Clesse}, S. and {Colafrancesco}, S. and
	{Colantoni}, I. and {Coppolecchia}, A. and {Crook}, M. and {D'Alessandro}, G. and
	{de Bernardis}, P. and {de Gasperis}, G. and {Diego}, J.~M. and
	{Di Valentino}, E. and {Errard}, J. and {Feeney}, S.~M. and
	{Fern{\'a}ndez-Cobos}, R. and {Ferraro}, S. and {Finelli}, F. and
	{Forastieri}, F. and {Galli}, S. and {G{\'e}nova-Santos}, R.~T. and
	{Gerbino}, M. and {Grandis}, S. and {Hagstotz}, S. and {Hanany}, S. and
	{Handley}, W. and {Hervias-Caimapo}, C. and {Hills}, M. and
	{Hivon}, E. and {Kiiveri}, K. and {Kisner}, T. and {Kitching}, T. and
	{Kunz}, M. and {Kurki-Suonio}, H. and {Lagache}, G. and {Lamagna}, L. and
	{Lasenby}, A. and {Lattanzi}, M. and {Le Brun}, A. and {Lesgourgues}, J. and
	{Lewis}, A. and {Liguori}, M. and {Lindholm}, V. and {Luzzi}, G. and
	{Maffei}, B. and {Mandolesi}, N. and {Martinez-Gonzalez}, E. and
	{Martins}, C.~J.~A.~P. and {Masi}, S. and {Massardi}, M. and
	{Matarrese}, S. and {McCarthy}, D. and {Melchiorri}, A. and
	{Melin}, J.-B. and {Molinari}, D. and {Monfardini}, A. and {Natoli}, P. and
	{Notari}, A. and {Paiella}, A. and {Paoletti}, D. and {Partridge}, R.~B. and
	{Patanchon}, G. and {Piat}, M. and {Pisano}, G. and {Polastri}, L. and
	{Polenta}, G. and {Pollo}, A. and {Poulin}, V. and {Quartin}, M. and
	{Remazeilles}, M. and {Roman}, M. and {Rossi}, G. and {Roukema}, B.~F. and
	{Rubi{\~n}o-Mart{\'{\i}}n}, J.-A. and {Salvati}, L. and {Scott}, D. and
	{Serjeant}, S. and {Tartari}, A. and {Toffolatti}, L. and {Tomasi}, M. and
	{Trappe}, N. and {Triqueneaux}, S. and {Trombetti}, T. and {Tucci}, M. and
	{Tucker}, C. and {V{\"a}liviita}, J. and {van de Weygaert}, R. and
	{Van Tent}, B. and {Vennin}, V. and {Vielva}, P. and {Vittorio}, N. and
	{Young}, K. and {Zannoni}, M.},
    title = "{Exploring cosmic origins with CORE: Extragalactic sources in cosmic microwave background maps}",
  journal = {\jcap},
archivePrefix = "arXiv",
   eprint = {1609.07263},
     year = 2018,
    month = apr,
   volume = 4,
      eid = {020},
    pages = {020},
      doi = {10.1088/1475-7516/2018/04/020},
   adsurl = {http://adsabs.harvard.edu/abs/2018JCAP...04..020D},
  adsnote = {Provided by the SAO/NASA Astrophysics Data System}
}


@ARTICLE{Ghisellini2009,
   author = {{Ghisellini}, G. and {Foschini}, L. and {Volonteri}, M. and
	{Ghirlanda}, G. and {Haardt}, F. and {Burlon}, D. and {Tavecchio}, F.
	},
    title = "{The blazar S5 0014+813: a real or apparent monster?}",
  journal = {\mnras},
archivePrefix = "arXiv",
   eprint = {0906.0575},
 keywords = {radiation mechanisms: non-thermal , quasars: general , gamma-rays: theory , X-rays: general},
     year = 2009,
    month = oct,
   volume = 399,
    pages = {L24-L28},
      doi = {10.1111/j.1745-3933.2009.00716.x},
   adsurl = {http://esoads.eso.org/abs/2009MNRAS.399L..24G},
  adsnote = {Provided by the SAO/NASA Astrophysics Data System}
}

@ARTICLE{Ghisellini2015,
   author = {{Ghisellini}, G. and {Tagliaferri}, G. and {Sbarrato}, T. and
	{Gehrels}, N.},
    title = "{SDSS J013127.34-032100.1: a candidate blazar with an 11 billion solar mass black hole at z = 5.18}",
  journal = {\mnras},
archivePrefix = "arXiv",
   eprint = {1501.07269},
 primaryClass = "astro-ph.HE",
 keywords = {quasars: general, X-rays: general},
     year = 2015,
    month = jun,
   volume = 450,
    pages = {L34-L38},
      doi = {10.1093/mnrasl/slv042},
   adsurl = {http://esoads.eso.org/abs/2015MNRAS.450L..34G},
  adsnote = {Provided by the SAO/NASA Astrophysics Data System}
}


@ARTICLE{Ivison2013,
   author = {{Ivison}, R.~J. and {Swinbank}, A.~M. and {Smail}, I. and {Harris}, A.~I. and
	{Bussmann}, R.~S. and {Cooray}, A. and {Cox}, P. and {Fu}, H. and
	{Kov{\'a}cs}, A. and {Krips}, M. and {Narayanan}, D. and {Negrello}, M. and
	{Neri}, R. and {Pe{\~n}arrubia}, J. and {Richard}, J. and {Riechers}, D.~A. and
	{Rowlands}, K. and {Staguhn}, J.~G. and {Targett}, T.~A. and
	{Amber}, S. and {Baker}, A.~J. and {Bourne}, N. and {Bertoldi}, F. and
	{Bremer}, M. and {Calanog}, J.~A. and {Clements}, D.~L. and
	{Dannerbauer}, H. and {Dariush}, A. and {De Zotti}, G. and {Dunne}, L. and
	{Eales}, S.~A. and {Farrah}, D. and {Fleuren}, S. and {Franceschini}, A. and
	{Geach}, J.~E. and {George}, R.~D. and {Helly}, J.~C. and {Hopwood}, R. and
	{Ibar}, E. and {Jarvis}, M.~J. and {Kneib}, J.-P. and {Maddox}, S. and
	{Omont}, A. and {Scott}, D. and {Serjeant}, S. and {Smith}, M.~W.~L. and
	{Thompson}, M.~A. and {Valiante}, E. and {Valtchanov}, I. and
	{Vieira}, J. and {van der Werf}, P.},
    title = "{Herschel-ATLAS: A Binary HyLIRG Pinpointing a Cluster of Starbursting Protoellipticals}",
  journal = {\apj},
archivePrefix = "arXiv",
   eprint = {1302.4436},
 primaryClass = "astro-ph.CO",
 keywords = {galaxies: high-redshift, galaxies: starburst, infrared: galaxies, radio continuum: galaxies, radio lines: galaxies, submillimeter: galaxies},
     year = 2013,
    month = aug,
   volume = 772,
      eid = {137},
    pages = {137},
      doi = {10.1088/0004-637X/772/2/137},
   adsurl = {http://adsabs.harvard.edu/abs/2013ApJ...772..137I},
  adsnote = {Provided by the SAO/NASA Astrophysics Data System}
}

@ARTICLE{Metzger2015,
   author = {{Metzger}, B.~D. and {Williams}, P.~K.~G. and {Berger}, E.},
    title = "{Extragalactic Synchrotron Transients in the Era of Wide-field Radio Surveys. I. Detection Rates and Light Curve Characteristics}",
  journal = {\apj},
archivePrefix = "arXiv",
   eprint = {1502.01350},
 primaryClass = "astro-ph.HE",
 keywords = {gamma-ray burst: general, radio continuum: general, supernovae: general, surveys},
     year = 2015,
    month = jun,
   volume = 806,
      eid = {224},
    pages = {224},
      doi = {10.1088/0004-637X/806/2/224},
   adsurl = {http://adsabs.harvard.edu/abs/2015ApJ...806..224M},
  adsnote = {Provided by the SAO/NASA Astrophysics Data System}
}


@ARTICLE{Negrello2017lensed,
   author = {{Negrello}, M. and {Amber}, S. and {Amvrosiadis}, A. and {Cai}, Z.-Y. and
	{Lapi}, A. and {Gonzalez-Nuevo}, J. and {De Zotti}, G. and {Furlanetto}, C. and
	{Maddox}, S.~J. and {Allen}, M. and {Bakx}, T. and {Bussmann}, R.~S. and
	{Cooray}, A. and {Covone}, G. and {Danese}, L. and {Dannerbauer}, H. and
	{Fu}, H. and {Greenslade}, J. and {Gurwell}, M. and {Hopwood}, R. and
	{Koopmans}, L.~V.~E. and {Napolitano}, N. and {Nayyeri}, H. and
	{Omont}, A. and {Petrillo}, C.~E. and {Riechers}, D.~A. and
	{Serjeant}, S. and {Tortora}, C. and {Valiante}, E. and {Verdoes Kleijn}, G. and
	{Vernardos}, G. and {Wardlow}, J.~L. and {Baes}, M. and {Baker}, A.~J. and
	{Bourne}, N. and {Clements}, D. and {Crawford}, S.~M. and {Dye}, S. and
	{Dunne}, L. and {Eales}, S. and {Ivison}, R.~J. and {Marchetti}, L. and
	{Micha{\l}owski}, M.~J. and {Smith}, M.~W.~L. and {Vaccari}, M. and
	{van der Werf}, P.},
    title = "{The Herschel-ATLAS: a sample of 500 {$\mu$}m-selected lensed galaxies over 600 deg$^{2}$}",
  journal = {\mnras},
archivePrefix = "arXiv",
   eprint = {1611.03922},
 keywords = {gravitational lensing: strong, galaxies: evolution, galaxies: high-redshift, submillimetre: galaxies},
     year = 2017,
    month = mar,
   volume = 465,
    pages = {3558-3580},
      doi = {10.1093/mnras/stw2911},
   adsurl = {http://adsabs.harvard.edu/abs/2017MNRAS.465.3558N},
  adsnote = {Provided by the SAO/NASA Astrophysics Data System}
}

@ARTICLE{Negrello2017protocl,
   author = {{Negrello}, M. and {Gonzalez-Nuevo}, J. and {De Zotti}, G. and
	{Bonato}, M. and {Cai}, Z.-Y. and {Clements}, D. and {Danese}, L. and
	{Dole}, H. and {Greenslade}, J. and {Lapi}, A. and {Montier}, L.
	},
    title = "{On the statistics of proto-cluster candidates detected in the Planck all-sky survey}",
  journal = {ArXiv e-prints},
archivePrefix = "arXiv",
   eprint = {1706.00116},
 keywords = {Astrophysics - Astrophysics of Galaxies},
     year = 2017,
    month = may,
   adsurl = {http://adsabs.harvard.edu/abs/2017arXiv170600116N},
  adsnote = {Provided by the SAO/NASA Astrophysics Data System}
}


@ARTICLE{Oteo2018,
   author = {{Oteo}, I. and {Ivison}, R.~J. and {Dunne}, L. and {Manilla-Robles}, A. and
	{Maddox}, S. and {Lewis}, A.~J.~R. and {de Zotti}, G. and {Bremer}, M. and
	{Clements}, D.~L. and {Cooray}, A. and {Dannerbauer}, H. and
	{Eales}, S. and {Greenslade}, J. and {Omont}, A. and {Perez-Fourn{\'o}n}, I. and
	{Riechers}, D. and {Scott}, D. and {van der Werf}, P. and {Weiss}, A. and
	{Zhang}, Z.-Y.},
    title = "{An Extreme Protocluster of Luminous Dusty Starbursts in the Early Universe}",
  journal = {\apj},
archivePrefix = "arXiv",
   eprint = {1709.02809},
 keywords = {galaxies: clusters: general, galaxies: evolution, galaxies: high-redshift, radio lines: ISM, submillimeter: galaxies, submillimeter: ISM },
     year = 2018,
    month = mar,
   volume = 856,
      eid = {72},
    pages = {72},
      doi = {10.3847/1538-4357/aaa1f1},
   adsurl = {http://adsabs.harvard.edu/abs/2018ApJ...856...72O},
  adsnote = {Provided by the SAO/NASA Astrophysics Data System}
}

@ARTICLE{Overzier2016,
   author = {{Overzier}, R.~A.},
    title = "{The realm of the galaxy protoclusters. A review}",
  journal = {Astron. Astrophys. Rev.},
archivePrefix = "arXiv",
   eprint = {1610.05201},
 keywords = {Cosmology, (Cosmology:)large-scale structure, Galaxies: clusters: general, Galaxies: high redshift},
     year = 2016,
    month = nov,
   volume = 24,
      eid = {14},
    pages = {14},
      doi = {10.1007/s00159-016-0100-3},
   adsurl = {http://adsabs.harvard.edu/abs/2016A%26ARv..24...14O},
  adsnote = {Provided by the SAO/NASA Astrophysics Data System}
}


@ARTICLE{Planck2011nearby_gal,
   author = {{Planck Collaboration XVI} },
    title = "{Planck early results. XVI. The Planck view of nearby galaxies}",
  journal = {\aap},
archivePrefix = "arXiv",
   eprint = {1101.2045},
 keywords = {galaxies: photometry, submillimeter: galaxies, infrared: galaxies, galaxies: ISM},
     year = 2011,
    month = dec,
   volume = 536,
      eid = {A16},
    pages = {A16},
      doi = {10.1051/0004-6361/201116454},
   adsurl = {http://adsabs.harvard.edu/abs/2011A%26A...536A..16P},
  adsnote = {Provided by the SAO/NASA Astrophysics Data System}
}


@ARTICLE{PCCS2,
   author = {{Planck Collaboration XXVI} },
    title = "{Planck 2015 results. XXVI. The Second Planck Catalogue of Compact Sources}",
  journal = {\aap},
archivePrefix = "arXiv",
   eprint = {1507.02058},
 keywords = {catalogs, cosmology: observations, radio continuum: general, submillimeter: general},
     year = 2016,
    month = sep,
   volume = 594,
      eid = {A26},
    pages = {A26},
      doi = {10.1051/0004-6361/201526914},
   adsurl = {http://cdsads.u-strasbg.fr/abs/2016A%26A...594A..26P},
  adsnote = {Provided by the SAO/NASA Astrophysics Data System}
}

@ARTICLE{Planck2016high_z,
   author = {{Planck Collaboration XXXIX} },
    title = "{Planck intermediate results. XXXIX. The Planck list of high-redshift source candidates}",
  journal = {\aap},
archivePrefix = "arXiv",
   eprint = {1508.04171},
 keywords = {catalogs, submillimeter: galaxies, galaxies: high-redshift, galaxies: clusters: general, large-scale structure of Universe},
     year = 2016,
    month = dec,
   volume = 596,
      eid = {A100},
    pages = {A100},
      doi = {10.1051/0004-6361/201527206},
   adsurl = {http://adsabs.harvard.edu/abs/2016A%26A...596A.100P},
  adsnote = {Provided by the SAO/NASA Astrophysics Data System}
}



@ARTICLE{Romani2004,
   author = {{Romani}, R.~W. and {Sowards-Emmerd}, D. and {Greenhill}, L. and
	{Michelson}, P.},
    title = "{Q0906+6930: The Highest Redshift Blazar}",
  journal = {\apjl},
   eprint = {astro-ph/0406252},
 keywords = {Galaxies: Jets, Galaxies: Quasars: General},
     year = 2004,
    month = jul,
   volume = 610,
    pages = {L9-L11},
      doi = {10.1086/423201},
   adsurl = {http://adsabs.harvard.edu/abs/2004ApJ...610L...9R},
  adsnote = {Provided by the SAO/NASA Astrophysics Data System}
}


@ARTICLE{RowanRobinson1991,
   author = {{Rowan-Robinson}, M. and {Saunders}, W. and {Lawrence}, A. and
	{Leech}, K.},
    title = "{The QMW IRAS galaxy catalogue - A highly complete and reliable IRAS 60-micron galaxy catalogue}",
  journal = {\mnras},
 keywords = {Astronomical Catalogs, Galactic Radiation, Infrared Astronomy Satellite, Sky Surveys (Astronomy), Red Shift, Relic Radiation},
     year = 1991,
    month = dec,
   volume = 253,
    pages = {485-495},
      doi = {10.1093/mnras/253.3.485},
   adsurl = {http://adsabs.harvard.edu/abs/1991MNRAS.253..485R},
  adsnote = {Provided by the SAO/NASA Astrophysics Data System}
}



@ARTICLE{Treu2010,
   author = {{Treu}, T.},
    title = "{Strong Lensing by Galaxies}",
  journal = {Ann.~Rev.~Astr.~Ap.},
archivePrefix = "arXiv",
   eprint = {1003.5567},
 primaryClass = "astro-ph.CO",
     year = 2010,
    month = sep,
   volume = 48,
    pages = {87-125},
      doi = {10.1146/annurev-astro-081309-130924},
   adsurl = {http://adsabs.harvard.edu/abs/2010ARA%26A..48...87T},
  adsnote = {Provided by the SAO/NASA Astrophysics Data System}
}

@ARTICLE{Wang2016,
   author = {{Wang}, T. and {Elbaz}, D. and {Daddi}, E. and {Finoguenov}, A. and
	{Liu}, D. and {Schreiber}, C. and {Mart{\'{\i}}n}, S. and {Strazzullo}, V. and
	{Valentino}, F. and {van der Burg}, R. and {Zanella}, A. and
	{Ciesla}, L. and {Gobat}, R. and {Le Brun}, A. and {Pannella}, M. and
	{Sargent}, M. and {Shu}, X. and {Tan}, Q. and {Cappelluti}, N. and
	{Li}, Y.},
    title = "{Discovery of a Galaxy Cluster with a Violently Starbursting Core at z = 2.506}",
  journal = {\apj},
archivePrefix = "arXiv",
   eprint = {1604.07404},
 keywords = {galaxies: clusters: general, galaxies: evolution, galaxies: formation, galaxies: high-redshift, galaxies: starburst, large-scale structure of universe},
     year = 2016,
    month = sep,
   volume = 828,
      eid = {56},
    pages = {56},
      doi = {10.3847/0004-637X/828/1/56},
   adsurl = {http://adsabs.harvard.edu/abs/2016ApJ...828...56W},
  adsnote = {Provided by the SAO/NASA Astrophysics Data System}
}
