%% This BibTeX bibliography file was created using BibDesk.
%% http://bibdesk.sourceforge.net/


%% Created for Tim Pearson at 2019-01-03 19:08:56 -0800 


%% Saved with string encoding Unicode (UTF-8) 



@article{petach2014,
	Author = {{Petach}, M. and {Michaelian}, M.},
	Date-Added = {2019-01-03 18:51:02 -0800},
	Date-Modified = {2019-01-03 19:08:56 -0800},
	Journal = {Cryocoolers},
	Pages = {11},
	Title = {{Mid InfraRed Instrument} ({MIRI}) Cooler Cold Head Assembly Acceptance Testing and Characterization},
	Url = {https://cryocoolerorg.wildapricot.org/resources/Documents/C18/002.pdf},
	Volume = {18},
	Year = {2014}}

@article{BICEP2014,
	Adsnote = {Provided by the SAO/NASA Astrophysics Data System},
	Archiveprefix = {arXiv},
	Author = {{BICEP2 Collaboration} and {Ade}, P.~A.~R. and {Aikin}, R.~W. and {Barkats}, D. and {Benton}, S.~J. and {Bischoff}, C.~A. and {Bock}, J.~J. and {Brevik}, J.~A. and {Buder}, I. and {Bullock}, E. and {Dowell}, C.~D. and {Duband}, L. and {Filippini}, J.~P. and {Fliescher}, S. and {Golwala}, S.~R. and {Halpern}, M. and {Hasselfield}, M. and {Hildebrandt}, S.~R. and {Hilton}, G.~C. and {Hristov}, V.~V. and {Irwin}, K.~D. and {Karkare}, K.~S. and {Kaufman}, J.~P. and {Keating}, B.~G. and {Kernasovskiy}, S.~A. and {Kovac}, J.~M. and {Kuo}, C.~L. and {Leitch}, E.~M. and {Lueker}, M. and {Mason}, P. and {Netterfield}, C.~B. and {Nguyen}, H.~T. and {O'Brient}, R. and {Ogburn}, R.~W. and {Orlando}, A. and {Pryke}, C. and {Reintsema}, C.~D. and {Richter}, S. and {Schwarz}, R. and {Sheehy}, C.~D. and {Staniszewski}, Z.~K. and {Sudiwala}, R.~V. and {Teply}, G.~P. and {Tolan}, J.~E. and {Turner}, A.~D. and {Vieregg}, A.~G. and {Wong}, C.~L. and {Yoon}, K.~W.},
	Date-Added = {2018-12-14 11:20:13 -0800},
	Date-Modified = {2018-12-14 11:20:31 -0800},
	Doi = {10.1103/PhysRevLett.112.241101},
	Eid = {241101},
	Eprint = {1403.3985},
	Journal = {\prl},
	Keywords = {98.70.Vc, 04.80.Nn, 95.85.Bh, 98.80.Es, Background radiations, Gravitational wave detectors and experiments, Radio microwave, Observational cosmology, Astrophysics - Cosmology and Nongalactic Astrophysics, General Relativity and Quantum Cosmology, High Energy Physics - Phenomenology, High Energy Physics - Theory},
	Month = Jun,
	Pages = {241101},
	Primaryclass = {astro-ph.CO},
	Title = {{Detection of B-Mode Polarization at Degree Angular Scales by BICEP2}},
	Url = {https://ui.adsabs.harvard.edu/\#abs/2014PhRvL.112x1101B},
	Volume = {112},
	Year = 2014,
	Bdsk-Url-1 = {https://doi.org/10.1103/PhysRevLett.112.241101}}

@article{EBEX2018,
	Adsnote = {Provided by the SAO/NASA Astrophysics Data System},
	Archiveprefix = {arXiv},
	Author = {{EBEX Collaboration} and {Aboobaker}, Asad M. and {Ade}, Peter and {Araujo}, Derek and {Aubin}, Fran{\c{c}}ois and {Baccigalupi}, Carlo and {Bao}, Chaoyun and {Chapman}, Daniel and {Didier}, Joy and {Dobbs}, Matt and {Geach}, Christopher and {Grainger}, Will and {Hanany}, Shaul and {Helson}, Kyle and {Hillbrand}, Seth and {Hubmayr}, Johannes and {Jaffe}, Andrew and {Johnson}, Bradley and {Jones}, Terry and {Klein}, Jeff and {Korotkov}, Andrei and {Lee}, Adrian and {Levinson}, Lorne and {Limon}, Michele and {MacDermid}, Kevin and {Matsumura}, Tomotake and {Miller}, Amber D. and {Milligan}, Michael and {Raach}, Kate and {Reichborn- Kjennerud}, Britt and {Sagiv}, Ilan and {Savini}, Giorgio and {Spencer}, Locke and {Tucker}, Carole and {Tucker}, Gregory S. and {Westbrook}, Benjamin and {Young}, Karl and {Zilic}, Kyle},
	Date-Added = {2018-12-14 11:18:25 -0800},
	Date-Modified = {2018-12-14 11:19:36 -0800},
	Doi = {10.3847/1538-4365/aae434},
	Eid = {7},
	Eprint = {1703.03847},
	Journal = {The Astrophysical Journal Supplement Series},
	Keywords = {balloons, cosmic background radiation, cosmology: observations, instrumentation: polarimeters, polarization, Astrophysics - Instrumentation and Methods for Astrophysics},
	Month = Nov,
	Pages = {7},
	Primaryclass = {astro-ph.IM},
	Title = {{The EBEX Balloon-borne Experiment: Optics, Receiver, and Polarimetry}},
	Url = {https://ui.adsabs.harvard.edu/\#abs/2018ApJS..239....7T},
	Volume = {239},
	Year = 2018,
	Bdsk-Url-1 = {https://doi.org/10.3847/1538-4365/aae434}}

@phdthesis{Kermish2012,
	Adsnote = {Provided by the SAO/NASA Astrophysics Data System},
	Author = {{Kermish}, Z.~D.},
	Date-Added = {2018-12-14 11:16:50 -0800},
	Date-Modified = {2018-12-14 11:17:04 -0800},
	School = {University of California, Berkeley},
	Title = {{The POLARBEAR Experiment: Design and Characterization}},
	Url = {http://adsabs.harvard.edu/abs/2012PhDT.......145K},
	Year = 2012,
	Bdsk-Url-1 = {http://adsabs.harvard.edu/abs/2012PhDT.......145K}}

@article{Filippini_inprep,
	Author = {{Filippini}, J.~P.},
	Date-Added = {2018-12-14 10:15:28 -0800},
	Date-Modified = {2018-12-14 10:19:22 -0800},
	Journal = {in preparation},
	Title = {No title},
	Year = {2019}}

@inproceedings{Staguhn2006,
	Adsnote = {Provided by the SAO/NASA Astrophysics Data System},
	Author = {{Staguhn}, Johannes G. and {Benford}, Dominic J. and {Allen}, Christine A. and {Moseley}, S. Harvey and {Sharp}, Elmer H. and {Ames}, Troy J. and {Brunswig}, Walter and {Chuss}, David T. and {Dwek}, Eli and {Maher}, Stephen F. and {Marx}, Catherine T. and {Miller}, Timothy M. and {Navarro}, Santiago and {Wollack}, Edward J.},
	Booktitle = {Society of Photo-Optical Instrumentation Engineers (SPIE) Conference Series},
	Date-Added = {2018-12-14 10:07:48 -0800},
	Date-Modified = {2018-12-14 10:08:05 -0800},
	Doi = {10.1117/12.671970},
	Eid = {62751D},
	Month = Jun,
	Pages = {62751D},
	Title = {{GISMO: a 2-millimeter bolometer camera for the IRAM 30 m telescope}},
	Url = {https://ui.adsabs.harvard.edu/\#abs/2006SPIE.6275E..1DS},
	Volume = {6275},
	Year = 2006,
	Bdsk-Url-1 = {https://doi.org/10.1117/12.671970}}

@article{Simons2018,
	Adsnote = {Provided by the SAO/NASA Astrophysics Data System},
	Archiveprefix = {arXiv},
	Author = {{The Simons Observatory Collaboration} and {Ade}, Peter and {Aguirre}, James and {Ahmed}, Zeeshan and {Aiola}, Simone and {Ali}, Aamir and {Alonso}, David and {Alvarez}, Marcelo A. and {Arnold}, Kam and {Ashton}, Peter and {Austermann}, Jason and {Awan}, Humna and {Baccigalupi}, Carlo and {Baildon}, Taylor and {Barron}, Darcy and {Battaglia}, Nick and {Battye}, Richard and {Baxter}, Eric and {Bazarko}, Andrew and {Beall}, James A. and {Bean}, Rachel and {Beck}, Dominic and {Beckman}, Shawn and {Beringue}, Benjamin and {Bianchini}, Federico and {Boada}, Steven and {Boettger}, David and {Bond}, J. Richard and {Borrill}, Julian and {Brown}, Michael L. and {Bruno}, Sarah Marie and {Bryan}, Sean and {Calabrese}, Erminia and {Calafut}, Victoria and {Calisse}, Paolo and {Carron}, Julien and {Challinor}, Anthony and {Chesmore}, Grace and {Chinone}, Yuji and {Chluba}, Jens and {Cho}, Hsiao-Mei Sherry and {Choi}, Steve and {Coppi}, Gabriele and {Cothard}, Nicholas F. and {Coughlin}, Kevin and {Crichton}, Devin and {Crowley}, Kevin D. and {Crowley}, Kevin T. and {Cukierman}, Ari and {D`Ewart}, Mitch and {D{\"u}nner}, Rolando and {de Haan}, Tijmen and {Devlin}, Mark and {Dicker}, Simon and {Didier}, Joy and {Dobbs}, Matt and {Dober}, Bradley and {Duell}, Cody and {Duff}, Shannon and {Duivenvoorden}, Adri and {Dunkley}, Jo and {Dusatko}, John and {Errard}, Josquin and {Fabbian}, Giulio and {Feeney}, Stephen and {Ferraro}, Simone and {Flux{\`a}}, Pedro and {Freese}, Katherine and {Frisch}, Josef and {Frolov}, Andrei and {Fuller}, George and {Fuzia}, Brittany and {Galitzki}, Nicholas and {Gallardo}, Patricio A. and {Tomas Galvez Ghersi}, Jose and {Gao}, Jiansong and {Gawiser}, Eric and {Gerbino}, Martina and {Gluscevic}, Vera and {Goeckner-Wald}, Neil and {Golec}, Joseph and {Gordon}, Sam and {Gralla}, Megan and {Green}, Daniel and {Grigorian}, Arpi and {Groh}, John and {Groppi}, Chris and {Guan}, Yilun and {Gudmundsson}, Jon E. and {Han}, Dongwon and {Hargrave}, Peter and {Hasegawa}, Masaya and {Hasselfield}, Matthew and {Hattori}, Makaoto and {Haynes}, Victor and {Hazumi}, Masashi and {He}, Yizhou and {Healy}, Erin and {Henderson}, Shawn and {Hervias- Caimapo}, Carlos and {Hill}, Charles A. and {Hill}, J. Colin and {Hilton}, Gene and {Hilton}, Matt and {Hincks}, Adam D. and {Hinshaw}, Gary and {Hlo{\v{z}}ek}, Ren{\'e}e and {Ho}, Shirley and {Ho}, Shuay-Pwu Patty and {Howe}, Logan and {Huang}, Zhiqi and {Hubmayr}, Johannes and {Huffenberger}, Kevin and {Hughes}, John P. and {Ijjas}, Anna and {Ikape}, Margaret and {Irwin}, Kent and {Jaffe}, Andrew H. and {Jain}, Bhuvnesh and {Jeong}, Oliver and {Kaneko}, Daisuke and {Karpel}, Ethan and {Katayama}, Nobuhiko and {Keating}, Brian and {Kernasovski}, Sarah and {Keskitalo}, Reijo and {Kisner}, Theodore and {Kiuchi}, Kenji and {Klein}, Jeff and {Knowles}, Kenda and {Koopman}, Brian and {Kosowsky}, Arthur and {Krachmalnicoff}, Nicoletta and {Kuenstner}, Stephen and {Kuo}, Chao-Lin and {Kusaka}, Akito and {Lashner}, Jacob and {Lee}, Adrian and {Lee}, Eunseong and {Leon}, David and {Leung}, Jason S. -Y. and {Lewis}, Antony and {Li}, Yaqiong and {Li}, Zack and {Limon}, Michele and {Linder}, Eric and {Lopez-Caraballo}, Carlos and {Louis}, Thibaut and {Lowry}, Lindsay and {Lungu}, Marius and {Madhavacheril}, Mathew and {Mak}, Daisy and {Maldonado}, Felipe and {Mani}, Hamdi and {Mates}, Ben and {Matsuda}, Frederick and {Maurin}, Lo{\"\i}c and {Mauskopf}, Phil and {May}, Andrew and {McCallum}, Nialh and {McKenney}, Chris and {McMahon}, Jeff and {Meerburg}, P. Daniel and {Meyers}, Joel and {Miller}, Amber and {Mirmelstein}, Mark and {Moodley}, Kavilan and {Munchmeyer}, Moritz and {Munson}, Charles and {Naess}, Sigurd and {Nati}, Federico and {Navaroli}, Martin and {Newburgh}, Laura and {Nguyen}, Ho Nam and {Niemack}, Mike and {Nishino}, Haruki and {Orlowski-Scherer}, John and {Page}, Lyman and {Partridge}, Bruce and {Peloton}, Julien and {Perrotta}, Francesca and {Piccirillo}, Lucio and {Pisano}, Giampaolo and {Poletti}, Davide and {Puddu}, Roberto and {Puglisi}, Giuseppe and {Raum}, Chris and {Reichardt}, Christian L. and {Remazeilles}, Mathieu and {Rephaeli}, Yoel and {Riechers}, Dominik and {Rojas}, Felipe and {Roy}, Anirban and {Sadeh}, Sharon and {Sakurai}, Yuki and {Salatino}, Maria and {Sathyanarayana Rao}, Mayuri and {Schaan}, Emmanuel and {Schmittfull}, Marcel and {Sehgal}, Neelima and {Seibert}, Joseph and {Seljak}, Uros and {Sherwin}, Blake and {Shimon}, Meir and {Sierra}, Carlos and {Sievers}, Jonathan and {Sikhosana}, Precious and {Silva-Feaver}, Max and {Simon}, Sara M. and {Sinclair}, Adrian and {Siritanasak}, Praween and {Smith}, Kendrick and {Smith}, Steve and {Spergel}, David and {Staggs}, Suzanne and {Stein}, George and {Stevens}, Jason R. and {Stompor}, Radek and {Sudiwala}, Rashmi and {Suzuki}, Aritoki and {Tajima}, Osamu and {Takakura}, Satoru and {Teply}, Grant and {Thomas}, Daniel B. and {Thorne}, Ben and {Thornton}, Robert and {Trac}, Hy and {Tsai}, Calvin and {Tucker}, Carole and {Ullom}, Joel and {Vagnozzi}, Sunny and {van Engelen}, Alexander and {Van Lanen}, Jeff and {van Winkle}, Dan and {Vavagiakis}, Eve M. and {Verg{\`e}s}, Clara and {Vissers}, Michael and {Wagoner}, Kasey and {Ward}, Jon and {Westbrook}, Ben and {Whitehorn}, Nathan and {Williams}, Jason and {Williams}, Joel and {Wollack}, Edward. J and {Xu}, Zhilei and {Ye}, Jiani and {Yu}, Byeonghee and {Yu}, Cyndria and {Zago}, Fernando and {Zhang}, Hezi and {Zhu}, Ningfeng},
	Date-Added = {2018-12-14 10:06:28 -0800},
	Date-Modified = {2018-12-14 10:06:40 -0800},
	Eid = {arXiv:1808.07445},
	Eprint = {1808.07445},
	Journal = {arXiv e-prints},
	Keywords = {Astrophysics - Cosmology and Nongalactic Astrophysics},
	Month = Aug,
	Primaryclass = {astro-ph.CO},
	Title = {{The Simons Observatory: Science goals and forecasts}},
	Url = {https://ui.adsabs.harvard.edu/\#abs/2018arXiv180807445T},
	Year = 2018,
	Bdsk-Url-1 = {https://ui.adsabs.harvard.edu/%5C#abs/2018arXiv180807445T}}

@inproceedings{Ferlet2008,
	Adsnote = {Provided by the SAO/NASA Astrophysics Data System},
	Author = {{Ferlet}, Marc and {Laurent}, Glenn and {Swinyard}, Bruce and {Glenn}, Jason and {Bock}, Jamie and {Dohlen}, Kjetil},
	Booktitle = {Space Telescopes and Instrumentation 2008: Optical, Infrared, and Millimeter},
	Date-Added = {2018-12-14 10:05:08 -0800},
	Date-Modified = {2018-12-14 10:05:17 -0800},
	Doi = {10.1117/12.788888},
	Eid = {70102U},
	Month = Jul,
	Pages = {70102U},
	Series = {Society of Photo-Optical Instrumentation Engineers (SPIE) Conference Series},
	Title = {{Characterisation of Herschel-SPIRE flight model optical performances}},
	Url = {https://ui.adsabs.harvard.edu/\#abs/2008SPIE.7010E..2UF},
	Volume = {7010},
	Year = 2008,
	Bdsk-Url-1 = {https://doi.org/10.1117/12.788888}}

@article{Doriese2016,
	Adsnote = {Provided by the SAO/NASA Astrophysics Data System},
	Author = {{Doriese}, W.~B. and {Morgan}, K.~M. and {Bennett}, D.~A. and {Denison}, E.~V. and {Fitzgerald}, C.~P. and {Fowler}, J.~W. and {Gard}, J.~D. and {Hays-Wehle}, J.~P. and {Hilton}, G.~C. and {Irwin}, K.~D. and {Joe}, Y.~I. and {Mates}, J.~A.~B. and {O'Neil}, G.~C. and {Reintsema}, C.~D. and {Robbins}, N.~O. and {Schmidt}, D.~R. and {Swetz}, D.~S. and {Tatsuno}, H. and {Vale}, L.~R. and {Ullom}, J.~N.},
	Date-Added = {2018-12-14 10:03:33 -0800},
	Date-Modified = {2018-12-14 10:03:49 -0800},
	Doi = {10.1007/s10909-015-1373-z},
	Journal = {Journal of Low Temperature Physics},
	Keywords = {SQUID, Transition-edge sensor, Time-division multiplexer, Microcalorimeter, X-ray},
	Month = Jul,
	Pages = {389-395},
	Title = {{Developments in Time-Division Multiplexing of X-ray Transition-Edge Sensors}},
	Url = {https://ui.adsabs.harvard.edu/\#abs/2016JLTP..184..389D},
	Volume = {184},
	Year = 2016,
	Bdsk-Url-1 = {https://doi.org/10.1007/s10909-015-1373-z}}

@article{2016A&A...594A...1P,
	Adsnote = {Provided by the SAO/NASA Astrophysics Data System},
	Archiveprefix = {arXiv},
	Author = {{Planck Collaboration} and {Adam}, R. and {Ade}, P.~A.~R. and {Aghanim}, N. and {Akrami}, Y. and {Alves}, M.~I.~R. and {Arg{\"u}eso}, F. and {Arnaud}, M. and {Arroja}, F. and {Ashdown}, M. and {Aumont}, J. and {Baccigalupi}, C. and {Ballardini}, M. and {Banday}, A.~J. and {Barreiro}, R.~B. and {Bartlett}, J.~G. and {Bartolo}, N. and {Basak}, S. and {Battaglia}, P. and {Battaner}, E. and {Battye}, R. and {Benabed}, K. and {Beno{\^\i}t}, A. and {Benoit-L{\'e}vy}, A. and {Bernard}, J. -P. and {Bersanelli}, M. and {Bertincourt}, B. and {Bielewicz}, P. and {Bikmaev}, I. and {Bock}, J.~J. and {B{\"o}hringer}, H. and {Bonaldi}, A. and {Bonavera}, L. and {Bond}, J.~R. and {Borrill}, J. and {Bouchet}, F.~R. and {Boulanger}, F. and {Bucher}, M. and {Burenin}, R. and {Burigana}, C. and {Butler}, R.~C. and {Calabrese}, E. and {Cardoso}, J. -F. and {Carvalho}, P. and {Casaponsa}, B. and {Castex}, G. and {Catalano}, A. and {Challinor}, A. and {Chamballu}, A. and {Chary}, R. -R. and {Chiang}, H.~C. and {Chluba}, J. and {Chon}, G. and {Christensen}, P.~R. and {Church}, S. and {Clemens}, M. and {Clements}, D.~L. and {Colombi}, S. and {Colombo}, L.~P.~L. and {Combet}, C. and {Comis}, B. and {Contreras}, D. and {Couchot}, F. and {Coulais}, A. and {Crill}, B.~P. and {Cruz}, M. and {Curto}, A. and {Cuttaia}, F. and {Danese}, L. and {Davies}, R.~D. and {Davis}, R.~J. and {de Bernardis}, P. and {de Rosa}, A. and {de Zotti}, G. and {Delabrouille}, J. and {Delouis}, J. -M. and {D{\'e}sert}, F. -X. and {Di Valentino}, E. and {Dickinson}, C. and {Diego}, J.~M. and {Dolag}, K. and {Dole}, H. and {Donzelli}, S. and {Dor{\'e}}, O. and {Douspis}, M. and {Ducout}, A. and {Dunkley}, J. and {Dupac}, X. and {Efstathiou}, G. and {Eisenhardt}, P.~R.~M. and {Elsner}, F. and {En{\ss}lin}, T.~A. and {Eriksen}, H.~K. and {Falgarone}, E. and {Fantaye}, Y. and {Farhang}, M. and {Feeney}, S. and {Fergusson}, J. and {Fernandez-Cobos}, R. and {Feroz}, F. and {Finelli}, F. and {Florido}, E. and {Forni}, O. and {Frailis}, M. and {Fraisse}, A.~A. and {Franceschet}, C. and {Franceschi}, E. and {Frejsel}, A. and {Frolov}, A. and {Galeotta}, S. and {Galli}, S. and {Ganga}, K. and {Gauthier}, C. and {G{\'e}nova-Santos}, R.~T. and {Gerbino}, M. and {Ghosh}, T. and {Giard}, M. and {Giraud-H{\'e}raud}, Y. and {Giusarma}, E. and {Gjerl{\o}w}, E. and {Gonz{\'a}lez-Nuevo}, J. and {G{\'o}rski}, K.~M. and {Grainge}, K.~J.~B. and {Gratton}, S. and {Gregorio}, A. and {Gruppuso}, A. and {Gudmundsson}, J.~E. and {Hamann}, J. and {Handley}, W. and {Hansen}, F.~K. and {Hanson}, D. and {Harrison}, D.~L. and {Heavens}, A. and {Helou}, G. and {Henrot- Versill{\'e}}, S. and {Hern{\'a}ndez-Monteagudo}, C. and {Herranz}, D. and {Hildebrandt}, S.~R. and {Hivon}, E. and {Hobson}, M. and {Holmes}, W.~A. and {Hornstrup}, A. and {Hovest}, W. and {Huang}, Z. and {Huffenberger}, K.~M. and {Hurier}, G. and {Ili{\'c}}, S. and {Jaffe}, A.~H. and {Jaffe}, T.~R. and {Jin}, T. and {Jones}, W.~C. and {Juvela}, M. and {Karakci}, A. and {Keih{\"a}nen}, E. and {Keskitalo}, R. and {Khamitov}, I. and {Kiiveri}, K. and {Kim}, J. and {Kisner}, T.~S. and {Kneissl}, R. and {Knoche}, J. and {Knox}, L. and {Krachmalnicoff}, N. and {Kunz}, M. and {Kurki-Suonio}, H. and {Lacasa}, F. and {Lagache}, G. and {L{\"a}hteenm{\"a}ki}, A. and {Lamarre}, J. -M. and {Langer}, M. and {Lasenby}, A. and {Lattanzi}, M. and {Lawrence}, C.~R. and {Le Jeune}, M. and {Leahy}, J.~P. and {Lellouch}, E. and {Leonardi}, R. and {Le{\'o}n-Tavares}, J. and {Lesgourgues}, J. and {Levrier}, F. and {Lewis}, A. and {Liguori}, M. and {Lilje}, P.~B. and {Lilley}, M. and {Linden-V{\o}rnle}, M. and {Lindholm}, V. and {Liu}, H. and {L{\'o}pez-Caniego}, M. and {Lubin}, P.~M. and {Ma}, Y. -Z. and {Mac{\'\i}as-P{\'e}rez}, J.~F. and {Maggio}, G. and {Maino}, D. and {Mak}, D.~S.~Y. and {Mandolesi}, N. and {Mangilli}, A. and {Marchini}, A. and {Marcos-Caballero}, A. and {Marinucci}, D. and {Maris}, M. and {Marshall}, D.~J. and {Martin}, P.~G. and {Martinelli}, M. and {Mart{\'\i}nez- Gonz{\'a}lez}, E. and {Masi}, S. and {Matarrese}, S. and {Mazzotta}, P. and {McEwen}, J.~D. and {McGehee}, P. and {Mei}, S. and {Meinhold}, P.~R. and {Melchiorri}, A. and {Melin}, J. -B. and {Mendes}, L. and {Mennella}, A. and {Migliaccio}, M. and {Mikkelsen}, K. and {Millea}, M. and {Mitra}, S. and {Miville- Desch{\^e}nes}, M. -A. and {Molinari}, D. and {Moneti}, A. and {Montier}, L. and {Moreno}, R. and {Morgante}, G. and {Mortlock}, D. and {Moss}, A. and {Mottet}, S. and {M{\"u}nchmeyer}, M. and {Munshi}, D. and {Murphy}, J.~A. and {Narimani}, A. and {Naselsky}, P. and {Nastasi}, A. and {Nati}, F. and {Natoli}, P. and {Negrello}, M. and {Netterfield}, C.~B. and {N{\o}rgaard-Nielsen}, H.~U. and {Noviello}, F. and {Novikov}, D. and {Novikov}, I. and {Olamaie}, M. and {Oppermann}, N. and {Orlando}, E. and {Oxborrow}, C.~A. and {Paci}, F. and {Pagano}, L. and {Pajot}, F. and {Paladini}, R. and {Pandolfi}, S. and {Paoletti}, D. and {Partridge}, B. and {Pasian}, F. and {Patanchon}, G. and {Pearson}, T.~J. and {Peel}, M. and {Peiris}, H.~V. and {Pelkonen}, V. -M. and {Perdereau}, O. and {Perotto}, L. and {Perrott}, Y.~C. and {Perrotta}, F. and {Pettorino}, V. and {Piacentini}, F. and {Piat}, M. and {Pierpaoli}, E. and {Pietrobon}, D. and {Plaszczynski}, S. and {Pogosyan}, D. and {Pointecouteau}, E. and {Polenta}, G. and {Popa}, L. and {Pratt}, G.~W. and {Pr{\'e}zeau}, G. and {Prunet}, S. and {Puget}, J. -L. and {Rachen}, J.~P. and {Racine}, B. and {Reach}, W.~T. and {Rebolo}, R. and {Reinecke}, M. and {Remazeilles}, M. and {Renault}, C. and {Renzi}, A. and {Ristorcelli}, I. and {Rocha}, G. and {Roman}, M. and {Romelli}, E. and {Rosset}, C. and {Rossetti}, M. and {Rotti}, A. and {Roudier}, G. and {Rouill{\'e} d'Orfeuil}, B. and {Rowan-Robinson}, M. and {Rubi{\~n}o-Mart{\'\i}n}, J.~A. and {Ruiz-Granados}, B. and {Rumsey}, C. and {Rusholme}, B. and {Said}, N. and {Salvatelli}, V. and {Salvati}, L. and {Sandri}, M. and {Sanghera}, H.~S. and {Santos}, D. and {Saunders}, R.~D.~E. and {Sauv{\'e}}, A. and {Savelainen}, M. and {Savini}, G. and {Schaefer}, B.~M. and {Schammel}, M.~P. and {Scott}, D. and {Seiffert}, M.~D. and {Serra}, P. and {Shellard}, E.~P.~S. and {Shimwell}, T.~W. and {Shiraishi}, M. and {Smith}, K. and {Souradeep}, T. and {Spencer}, L.~D. and {Spinelli}, M. and {Stanford}, S.~A. and {Stern}, D. and {Stolyarov}, V. and {Stompor}, R. and {Strong}, A.~W. and {Sudiwala}, R. and {Sunyaev}, R. and {Sutter}, P. and {Sutton}, D. and {Suur-Uski}, A. -S. and {Sygnet}, J. -F. and {Tauber}, J.~A. and {Tavagnacco}, D. and {Terenzi}, L. and {Texier}, D. and {Toffolatti}, L. and {Tomasi}, M. and {Tornikoski}, M. and {Tramonte}, D. and {Tristram}, M. and {Troja}, A. and {Trombetti}, T. and {Tucci}, M. and {Tuovinen}, J. and {T{\"u}rler}, M. and {Umana}, G. and {Valenziano}, L. and {Valiviita}, J. and {Van Tent}, F. and {Vassallo}, T. and {Vibert}, L. and {Vidal}, M. and {Viel}, M. and {Vielva}, P. and {Villa}, F. and {Wade}, L.~A. and {Walter}, B. and {Wandelt}, B.~D. and {Watson}, R. and {Wehus}, I.~K. and {Welikala}, N. and {Weller}, J. and {White}, M. and {White}, S.~D.~M. and {Wilkinson}, A. and {Yvon}, D. and {Zacchei}, A. and {Zibin}, J.~P. and {Zonca}, A.},
	Date-Added = {2018-12-14 08:58:14 -0800},
	Date-Modified = {2018-12-14 08:58:14 -0800},
	Doi = {10.1051/0004-6361/201527101},
	Eid = {A1},
	Eprint = {1502.01582},
	Journal = {\aap},
	Keywords = {cosmology: observations, cosmic background radiation, surveys, space vehicles: instruments, instrumentation: detectors, Astrophysics - Cosmology and Nongalactic Astrophysics},
	Month = Sep,
	Pages = {A1},
	Primaryclass = {astro-ph.CO},
	Title = {{Planck 2015 results. I. Overview of products and scientific results}},
	Url = {https://ui.adsabs.harvard.edu/\#abs/2016A&A...594A...1P},
	Volume = {594},
	Year = 2016,
	Bdsk-Url-1 = {https://doi.org/10.1051/0004-6361/201527101}}

@inproceedings{Runyan2010,
	Adsnote = {Provided by the SAO/NASA Astrophysics Data System},
	Archiveprefix = {arXiv},
	Author = {{Runyan}, M.~C. and {Ade}, P.~A.~R. and {Amiri}, M. and {Benton}, S. and {Bihary}, R. and {Bock}, J.~J. and {Bond}, J.~R. and {Bonetti}, J.~A. and {Bryan}, S.~A. and {Chiang}, H.~C. and {Contaldi}, C.~R. and {Crill}, B.~P. and {Dore}, O. and {O'Dea}, D. and {Farhang}, M. and {Filippini}, J.~P. and {Fissel}, L. and {Gandilo}, N. and {Golwala}, S.~R. and {Gudmundsson}, J.~E. and {Hasselfield}, M. and {Halpern}, M. and {Hilton}, G. and {Holmes}, W. and {Hristov}, V.~V. and {Irwin}, K.~D. and {Jones}, W.~C. and {Kuo}, C.~L. and {MacTavish}, C.~J. and {Mason}, P.~V. and {Morford}, T.~A. and {Montroy}, T.~E. and {Netterfield}, C.~B. and {Rahlin}, A.~S. and {Reintsema}, C.~D. and {Ruhl}, J.~E. and {Schenker}, M.~A. and {Shariff}, J. and {Soler}, J.~D. and {Trangsrud}, A. and {Tucker}, R.~S. and {Tucker}, C.~E. and {Turner}, A.},
	Booktitle = {Millimeter, Submillimeter, and Far-Infrared Detectors and Instrumentation for Astronomy V},
	Date-Added = {2018-12-01 10:39:02 -0800},
	Date-Modified = {2018-12-01 10:39:15 -0800},
	Doi = {10.1117/12.857715},
	Eid = {77411O},
	Eprint = {1106.2173},
	Keywords = {Astrophysics - Instrumentation and Methods for Astrophysics},
	Month = Jul,
	Pages = {77411O},
	Primaryclass = {astro-ph.IM},
	Title = {{Design and performance of the SPIDER instrument}},
	Url = {https://ui.adsabs.harvard.edu/#abs/2010SPIE.7741E..1OR},
	Volume = {7741},
	Year = 2010,
	Bdsk-Url-1 = {https://doi.org/10.1117/12.857715}}

@article{bicep_keck2018,
	Adsnote = {Provided by the SAO/NASA Astrophysics Data System},
	Archiveprefix = {arXiv},
	Author = {{BICEP2 and Keck Array Collaborations} and {Ade}, P.~A.~R. and {Ahmed}, Z. and {Aikin}, R.~W. and {Alexander}, K.~D. and {Barkats}, D. and {Benton}, S.~J. and {Bischoff}, C.~A. and {Bock}, J.~J. and {Bowens-Rubin}, R. and {Brevik}, J.~A. and {Buder}, I. and {Bullock}, E. and {Buza}, V. and {Connors}, J. and {Cornelison}, J. and {Crill}, B.~P. and {Crumrine}, M. and {Dierickx}, M. and {Duband}, L. and {Dvorkin}, C. and {Filippini}, J.~P. and {Fliescher}, S. and {Grayson}, J. and {Hall}, G. and {Halpern}, M. and {Harrison}, S. and {Hildebrandt}, S.~R. and {Hilton}, G.~C. and {Hui}, H. and {Irwin}, K.~D. and {Kang}, J. and {Karkare}, K.~S. and {Karpel}, E. and {Kaufman}, J.~P. and {Keating}, B.~G. and {Kefeli}, S. and {Kernasovskiy}, S.~A. and {Kovac}, J.~M. and {Kuo}, C.~L. and {Larsen}, N.~A. and {Lau}, K. and {Leitch}, E.~M. and {Lueker}, M. and {Megerian}, K.~G. and {Moncelsi}, L. and {Namikawa}, T. and {Netterfield}, C.~B. and {Nguyen}, H.~T. and {O'Brient}, R. and {Ogburn}, IV, R.~W. and {Palladino}, S. and {Pryke}, C. and {Racine}, B. and {Richter}, S. and {Schillaci}, A. and {Schwarz}, R. and {Sheehy}, C.~D. and {Soliman}, A. and {St.~Germaine}, T. and {Staniszewski}, Z.~K. and {Steinbach}, B. and {Sudiwala}, R.~V. and {Teply}, G.~P. and {Thompson}, K.~L. and {Tolan}, J.~E. and {Tucker}, C. and {Turner}, A.~D. and {Umilta}, C. and {Vieregg}, A.~G. and {Wandui}, A. and {Weber}, A.~C. and {Wiebe}, D.~V. and {Willmert}, J. and {Wong}, C.~L. and {Wu}, W.~L.~K. and {Yang}, H. and {Yoon}, K.~W. and {Zhang}, C.},
	Eprint = {1810.05216},
	Journal = {arXiv e-prints},
	Keywords = {Astrophysics - Cosmology and Nongalactic Astrophysics},
	Month = oct,
	Title = {{BICEP2 / Keck Array X: Constraints on Primordial Gravitational Waves using Planck, WMAP, and New BICEP2/Keck Observations through the 2015 Season}},
	Url = {http://adsabs.harvard.edu/abs/2018arXiv181005216A},
	Year = 2018,
	Bdsk-Url-1 = {http://adsabs.harvard.edu/abs/2018arXiv181005216A}}

@inproceedings{Sayre2012,
	Adsnote = {Provided by the SAO/NASA Astrophysics Data System},
	Archiveprefix = {arXiv},
	Author = {{Sayre}, J.~T. and {Ade}, P. and {Aird}, K.~A. and {Austermann}, J.~E. and {Beall}, J.~A. and {Becker}, D. and {Benson}, B.~A. and {Bleem}, L.~E. and {Britton}, J. and {Carlstrom}, J.~E. and {Chang}, C.~L. and {Cho}, H. -M. and {Crawford}, T.~M. and {Crites}, A.~T. and {Datesman}, A. and {de Haan}, T. and {Dobbs}, M.~A. and {Everett}, W. and {Ewall-Wice}, A. and {George}, E.~M. and {Halverson}, N.~W. and {Harrington}, N. and {Henning}, J.~W. and {Hilton}, G.~C. and {Holzapfel}, W.~L. and {Hubmayr}, J. and {Irwin}, K.~D. and {Karfunkle}, M. and {Keisler}, R. and {Kennedy}, J. and {Lee}, A.~T. and {Leitch}, E. and {Li}, D. and {Lueker}, M. and {Marrone}, D.~P. and {McMahon}, J.~J. and {Mehl}, J. and {Meyer}, S.~S. and {Montgomery}, J. and {Montroy}, T.~E. and {Nagy}, J. and {Natoli}, T. and {Nibarger}, J.~P. and {Niemack}, M.~D. and {Novosad}, V. and {Padin}, S. and {Pryke}, C. and {Reichardt}, C.~L. and {Ruhl}, J.~E. and {Saliwanchik}, B.~R. and {Schaffer}, K.~K. and {Shirokoff}, E. and {Story}, K. and {Tucker}, C. and {Vanderlinde}, K. and {Vieira}, J.~D. and {Wang}, G. and {Williamson}, R. and {Yefremenko}, V. and {Yoon}, K.~W. and {Young}, E.},
	Booktitle = {Millimeter, Submillimeter, and Far-Infrared Detectors and Instrumentation for Astronomy VI},
	Date-Added = {2018-11-28 18:32:41 -0800},
	Date-Modified = {2018-11-28 18:32:49 -0800},
	Doi = {10.1117/12.927035},
	Eid = {845239},
	Eprint = {1210.4968},
	Keywords = {Astrophysics - Instrumentation and Methods for Astrophysics},
	Month = Sep,
	Pages = {845239},
	Primaryclass = {astro-ph.IM},
	Title = {{Design and characterization of 90 GHz feedhorn-coupled TES polarimeter pixels in the SPTPol camera}},
	Url = {https://ui.adsabs.harvard.edu/#abs/2012SPIE.8452E..39S},
	Volume = {8452},
	Year = 2012,
	Bdsk-Url-1 = {https://doi.org/10.1117/12.927035}}

@inproceedings{Simon2018,
	Adsnote = {Provided by the SAO/NASA Astrophysics Data System},
	Author = {{Simon}, Sara M. and {Golec}, Joseph E. and {Ali}, Aamir and {Austermann}, Jason and {Beall}, James A. and {Bruno}, Sarah Marie M. and {Choi}, Steve K. and {Crowley}, Kevin T. and {Dicker}, Simon and {Dober}, Bradley and {Duff}, Shannon M. and {Healy}, Erin and {Hill}, Charles A. and {Ho}, Shuay-Pwu Patty and {Hubmayr}, Johannes and {Li}, Yaqiong and {Lungu}, Marius and {McMahon}, Jeff and {Orlowski-Scherer}, John and {Salatino}, Maria and {Staggs}, Suzanne and {Wollack}, Edward J. and {Xu}, Zhilei and {Zhu}, Ningfeng},
	Booktitle = {Society of Photo-Optical Instrumentation Engineers (SPIE) Conference Series},
	Date-Added = {2018-11-28 18:31:40 -0800},
	Date-Modified = {2018-11-28 18:31:50 -0800},
	Doi = {10.1117/12.2313405},
	Eid = {107084B},
	Keywords = {Astrophysics - Instrumentation and Methods for Astrophysics},
	Month = Jul,
	Pages = {107084B},
	Primaryclass = {astro-ph.IM},
	Title = {{Feedhorn development and scalability for Simons Observatory and beyond}},
	Url = {https://ui.adsabs.harvard.edu/#abs/2018SPIE10708E..4BS},
	Volume = {10708},
	Year = 2018,
	Bdsk-Url-1 = {https://doi.org/10.1117/12.2313405}}

@article{Westbrook2016,
	Adsnote = {Provided by the SAO/NASA Astrophysics Data System},
	Author = {{Westbrook}, B. and {Cukierman}, A. and {Lee}, A. and {Suzuki}, A. and {Raum}, C. and {Holzapfel}, W.},
	Date-Added = {2018-11-28 18:26:30 -0800},
	Date-Modified = {2018-11-28 18:26:42 -0800},
	Doi = {10.1007/s10909-016-1508-x},
	Journal = {Journal of Low Temperature Physics},
	Keywords = {CMB, Bolometers, TES, B-modes, Polarization, Inflation},
	Month = Jul,
	Pages = {74-81},
	Title = {{Development of the Next Generation of Multi-chroic Antenna-Coupled Transition Edge Sensor Detectors for CMB Polarimetry}},
	Url = {https://ui.adsabs.harvard.edu/#abs/2016JLTP..184...74W},
	Volume = {184},
	Year = 2016,
	Bdsk-Url-1 = {https://doi.org/10.1007/s10909-016-1508-x}}

@inproceedings{Li2018,
	Adsnote = {Provided by the SAO/NASA Astrophysics Data System},
	Author = {{Li}, Yaqiong and {Austermann}, Jason E. and {Beall}, James A. and {Bruno}, Sarah Marie and {Choi}, Steve K. and {Cothard}, Nicholas F. and {Crowley}, Kevin T. and {Duff}, Shannon M. and {Gallardo}, Patricio A. and {Henderson}, Shawn W. and {Ho}, Shuay-Pwu Patty and {Hubmayr}, Johannes and {Koopman}, Brian J. and {McMahon}, Jeff J. and {Niemack}, Michael D. and {Salatino}, Maria and {Simon}, Sara M. and {Staggs}, Suzanne T. and {Stevens}, Jason R. and {Ullom}, Joel N. and {Ward}, Jonathan and {Wollack}, Edward J.},
	Booktitle = {Society of Photo-Optical Instrumentation Engineers (SPIE) Conference Series},
	Date-Added = {2018-11-28 18:24:34 -0800},
	Date-Modified = {2018-11-28 18:24:44 -0800},
	Doi = {10.1117/12.2313942},
	Eid = {107080A},
	Month = Jul,
	Pages = {107080A},
	Title = {{Performance of the advanced ACTPol low frequency array}},
	Url = {https://ui.adsabs.harvard.edu/#abs/2018SPIE10708E..0AL},
	Volume = {10708},
	Year = 2018,
	Bdsk-Url-1 = {https://doi.org/10.1117/12.2313942}}

@inproceedings{Dutcher2018,
	Adsnote = {Provided by the SAO/NASA Astrophysics Data System},
	Author = {{Dutcher}, D. and {Ade}, P.~A.~R. and {Ahmed}, Z. and {Anderson}, A.~J. and {Avva}, J.~S. and {Thakur}, R. Basu and {Bender}, A.~N. and {Benson}, B.~A. and {Carlstrom}, J.~E. and {Carter}, F.~W. and {Cecil}, T.~W. and {Chang}, C.~L. and {Cliche}, J.~F. and {Cukierman}, A. and {de Haan}, T. and {Ding}, J. and {Dobbs}, M.~A. and {Everett}, W. and {Foster}, A. and {Gallicchio}, J. and {Gilbert}, A. and {Groh}, J.~C. and {Harke-Hosemann}, A.~H. and {Guns}, S.~T. and {Halverson}, N.~W. and {Harrington}, N.~L. and {Henning}, J.~W. and {Holzapfel}, W.~L. and {Huang}, N. and {Irwin}, K.~D. and {Jeong}, O.~B. and {Jonas}, M. and {Khaire}, T.~S. and {Kofman}, A.~M. and {Korman}, M. and {Kubik}, D.~L. and {Kuhlmann}, S. and {Kuo}, C. -L. and {Lowitz}, A.~E. and {Lee}, A.~T. and {Meyer}, S.~S. and {Michalik}, D. and {Montgomery}, J. and {Nadolski}, A. and {Natoli}, T. and {Nguyen}, H. and {Noble}, G.~I. and {Novosad}, V. and {Padin}, S. and {Pan}, Z. and {Pearson}, J. and {Posada}, C.~M. and {Quan}, W. and {Rahlin}, A. and {Ruhl}, J.~E. and {Sayre}, J.~T. and {Shirokoff}, E. and {Smecher}, G. and {Sobrin}, J.~A. and {Stark}, A.~A. and {Story}, K.~T. and {Suzuki}, A. and {Thompson}, K.~L. and {Tucker}, C. and {Vanderlinde}, K. and {Vieira}, J.~D. and {Wang}, G. and {Whitehorn}, N. and {Yefremenko}, V. and {Yoon}, K.~W. and {Young}, M.~R.},
	Booktitle = {Society of Photo-Optical Instrumentation Engineers (SPIE) Conference Series},
	Date-Added = {2018-11-28 18:23:01 -0800},
	Date-Modified = {2018-11-28 18:23:10 -0800},
	Doi = {10.1117/12.2312451},
	Eid = {107081Z},
	Keywords = {Astrophysics - Instrumentation and Methods for Astrophysics, Astrophysics - Cosmology and Nongalactic Astrophysics},
	Month = Jul,
	Pages = {107081Z},
	Primaryclass = {astro-ph.IM},
	Title = {{Characterization and performance of the second-year SPT-3G focal plane}},
	Url = {https://ui.adsabs.harvard.edu/#abs/2018SPIE10708E..1ZD},
	Volume = {10708},
	Year = 2018,
	Bdsk-Url-1 = {https://doi.org/10.1117/12.2312451}}

@misc{Mrozinski2017,
	Author = {Joe Mrozinski and Mike DiNicola},
	Date-Added = {2018-11-28 16:29:35 -0800},
	Date-Modified = {2018-11-28 16:33:00 -0800},
	Howpublished = {{NASA 2017 Cost Symposium Presentations}},
	Month = {August},
	Title = {{NICM: Cryocooler}},
	Url = {https://www.nasa.gov/offices/ocfo/cost_symposium/2017_presentations},
	Year = {2017},
	Bdsk-Url-1 = {https://www.nasa.gov/offices/ocfo/cost_symposium/2017_presentations}}

@inproceedings{Stahl2016,
	Adsnote = {Provided by the SAO/NASA Astrophysics Data System},
	Author = {{Stahl}, H. Philip and {Henrichs}, Todd},
	Booktitle = {Modeling, Systems Engineering, and Project Management for Astronomy VI},
	Date-Added = {2018-11-28 16:28:24 -0800},
	Date-Modified = {2018-11-28 16:28:42 -0800},
	Doi = {10.1117/12.2234088},
	Eid = {99110L},
	Month = Sep,
	Pages = {99110L},
	Series = {Society of Photo-Optical Instrumentation Engineers (SPIE) Conference Series},
	Title = {{Multivariable parametric cost model for space and ground telescopes}},
	Url = {https://ui.adsabs.harvard.edu/#abs/2016SPIE.9911E..0LS},
	Volume = {9911},
	Year = 2016,
	Bdsk-Url-1 = {https://doi.org/10.1117/12.2234088}}

@misc{DSN2015,
	Author = {{Deep Space Network, Jet Propulsion Laboratory, California Institute of Technology}},
	Date-Added = {2018-11-28 15:06:26 -0800},
	Date-Modified = {2018-11-28 15:15:24 -0800},
	Month = {February},
	Title = {Deep Space Network Services Catalog 820-100, Rev. F.},
	Url = {https://deepspace.jpl.nasa.gov/files/820-100-F1.pdf},
	Year = {2015},
	Bdsk-Url-1 = {https://deepspace.jpl.nasa.gov/files/820-100-F1.pdf}}

@inproceedings{Hui2018,
	Adsnote = {Provided by the SAO/NASA Astrophysics Data System},
	Author = {{Hui}, Howard and {Ade}, P.~A.~R. and {Ahmed}, Z. and {Aikin}, R.~W. and {Alexander}, K.~D. and {Barkats}, D. and {Benton}, S.~J. and {Bischoff}, C.~A. and {Bock}, J.~J. and {Bowens-Rubin}, R. and {Brevik}, J.~A. and {Buder}, I. and {Bullock}, E. and {Buza}, V. and {Connors}, J. and {Cornelison}, J. and {Crill}, B.~P. and {Crumrine}, M. and {Dierickx}, M. and {Duband}, L. and {Dvorkin}, C. and {Filippini}, J.~P. and {Fliescher}, S. and {Grayson}, J. and {Hall}, G. and {Halpern}, M. and {Harrison}, S. and {Hildebrandt}, S.~R. and {Hilton}, G.~C. and {Irwin}, K.~D. and {Kang}, J. and {Karkare}, K.~S. and {Karpel}, E. and {Kaufman}, J.~P. and {Keating}, B.~G. and {Kefeli}, S. and {Kernasovskiy}, S.~A. and {Kovac}, J.~M. and {Kuo}, C. -L. and {Lau}, K. and {Larsen}, N.~A. and {Leitch}, E.~M. and {Lueker}, M. and {Megerian}, K.~G. and {Moncelsi}, L. and {Namikawa}, T. and {Netterfield}, C.~B. and {Nguyen}, H.~T. and {O'Brient}, R. and {Ogburn}, R.~W. and {Palladino}, S. and {Pryke}, C. and {Racine}, B. and {Richter}, S. and {Schwarz}, R. and {Schillaci}, A. and {Sheehy}, C.~D. and {Soliman}, A. and {St. Germaine}, T. and {Staniszewski}, Z.~K. and {Steinbach}, B. and {Sudiwala}, R.~V. and {Teply}, G.~P. and {Thompson}, K.~L. and {Tolan}, J.~E. and {Tucker}, C. and {Turner}, A.~D. and {Umilt\&agrae} and {}, C. and {Vieregg}, A.~G. and {Wandui}, A. and {Weber}, A.~C. and {Wiebe}, D.~V. and {Willmert}, J. and {Wong}, C.~L. and {Wu}, W.~L.~K. and {Yang}, E. and {Yoon}, K.~W. and {Zhang}, C.},
	Booktitle = {Society of Photo-Optical Instrumentation Engineers (SPIE) Conference Series},
	Date-Added = {2018-11-28 14:13:30 -0800},
	Date-Modified = {2018-11-28 14:13:46 -0800},
	Doi = {10.1117/12.2311725},
	Eid = {1070807},
	Keywords = {Astrophysics - Instrumentation and Methods for Astrophysics, Astrophysics - Cosmology and Nongalactic Astrophysics},
	Month = Jul,
	Pages = {1070807},
	Primaryclass = {astro-ph.IM},
	Title = {{BICEP Array: a multi-frequency degree-scale CMB polarimeter}},
	Url = {https://ui.adsabs.harvard.edu/#abs/2018SPIE10708E..07H},
	Volume = {10708},
	Year = 2018,
	Bdsk-Url-1 = {https://doi.org/10.1117/12.2311725}}

@article{Beyer2012,
	Adsnote = {Provided by the SAO/NASA Astrophysics Data System},
	Author = {{Beyer}, A.~D. and {Kenyon}, M.~E. and {Echternach}, P.~M. and {Chui}, T. and {Eom}, B.-H. and {Day}, P.~K. and {Bock}, J.~J. and {Holmes}, W.~A. and {Bradford}, C.~M.},
	Doi = {10.1007/s10909-011-0447-9},
	Journal = {Journal of Low Temperature Physics},
	Month = may,
	Pages = {182-187},
	Title = {{Ultra-sensitive Transition-Edge Sensors for the Background Limited Infrared/Sub-mm Spectrograph (BLISS)}},
	Url = {http://adsabs.harvard.edu/abs/2012JLTP..167..182B},
	Volume = 167,
	Year = 2012,
	Bdsk-Url-1 = {http://adsabs.harvard.edu/abs/2012JLTP..167..182B},
	Bdsk-Url-2 = {https://doi.org/10.1007/s10909-011-0447-9}}

@book{SpaceX2015,
	Author = {{Space Exploration Technologies Corp.}},
	Date-Added = {2018-11-20 10:02:42 -0800},
	Date-Modified = {2018-11-20 10:05:52 -0800},
	Month = {October},
	Publisher = {{Space Exploration Technologies Corp.}},
	Title = {Falcon 9 Launch Vehicle: Payload User's Guide, Rev 2},
	Url = {https://www.spacex.com/sites/spacex/files/falcon_9_users_guide_rev_2.0.pdf},
	Year = {2015},
	Bdsk-Url-1 = {https://books.google.com/books?id=5VVDAAAAQBAJ}}

@misc{Rabb2013,
	Author = {{Rabb et al}, J.},
	Date-Added = {2018-11-20 09:57:11 -0800},
	Date-Modified = {2018-11-20 10:08:31 -0800},
	Howpublished = {Presentation at the 2013 Space Cryogenics Workshop},
	Title = {NGAS SCW-4K},
	Year = {2013}}

@article{Ross2004,
	Adsnote = {Provided by the SAO/NASA Astrophysics Data System},
	Author = {{Ross}, Ronald G.},
	Date-Added = {2018-11-20 09:52:23 -0800},
	Date-Modified = {2018-11-20 09:52:36 -0800},
	Doi = {10.1016/j.cryogenics.2004.02.019},
	Journal = {Cryogenics},
	Month = Jun,
	Pages = {421-424},
	Title = {{Estimation of thermal conduction loads for structural supports of cryogenic spacecraft assemblies}},
	Url = {https://ui.adsabs.harvard.edu/#abs/2004Cryo...44..421R},
	Volume = {44},
	Year = 2004,
	Bdsk-Url-1 = {https://doi.org/10.1016/j.cryogenics.2004.02.019}}

@book{Donabedian2003,
	Author = {Donabedian, M. and American Institute of Aeronautics and Astronautics},
	Date-Added = {2018-11-20 09:49:18 -0800},
	Date-Modified = {2018-11-20 09:50:10 -0800},
	Isbn = {9781601192202},
	Publisher = {Aerospace Press},
	Series = {EngineeringPro collection},
	Title = {Spacecraft Thermal Control Handbook, Vol. 2: Cryogenics},
	Url = {https://books.google.com/books?id=nsLqjwEACAAJ},
	Year = {2003},
	Bdsk-Url-1 = {https://books.google.com/books?id=nsLqjwEACAAJ}}

@inbook{Brown2016,
	Annote = {doi:10.2514/6.2016-0479},
	Author = {Brown, Todd S.},
	Booktitle = {54th AIAA Aerospace Sciences Meeting},
	Date-Added = {2018-11-19 19:03:07 -0800},
	Date-Modified = {2018-11-19 19:05:23 -0800},
	Doi = {doi:10.2514/6.2016-0479},
	M1 = {0},
	M3 = {doi:10.2514/6.2016-0479},
	Month = {2018/11/19},
	Publisher = {American Institute of Aeronautics and Astronautics},
	Title = {A GNC Perspective of the Launch and Commissioning of NASA's New SMAP (Soil Moisture Active Passive) Spacecraft},
	Title1 = {AIAA SciTech Forum},
	Ty = {CHAP},
	Url = {https://doi.org/10.2514/6.2016-0479},
	Year = {2016},
	Year1 = {2016/01/02},
	Bdsk-Url-1 = {https://doi.org/10.2514/6.2016-0479}}

@article{Tauber2010,
	Adsnote = {Provided by the SAO/NASA Astrophysics Data System},
	Author = {{Tauber}, J.~A. and {Mandolesi}, N. and {Puget}, J. -L. and {Banos}, T. and {Bersanelli}, M. and {Bouchet}, F.~R. and {Butler}, R.~C. and {Charra}, J. and {Crone}, G. and {Dodsworth}, J. and {Efstathiou}, G. and {Gispert}, R. and {Guyot}, G. and {Gregorio}, A. and {Juillet}, J.~J. and {Lamarre}, J. -M. and {Laureijs}, R.~J. and {Lawrence}, C.~R. and {N{\o}rgaard- Nielsen}, H.~U. and {Passvogel}, T. and {Reix}, J.~M. and {Texier}, D. and {Vibert}, L. and {Zacchei}, A. and {Ade}, P.~A.~R. and {Aghanim}, N. and {Aja}, B. and {Alippi}, E. and {Aloy}, L. and {Armand}, P. and {Arnaud}, M. and {Arondel}, A. and {Arreola-Villanueva}, A. and {Artal}, E. and {Artina}, E. and {Arts}, A. and {Ashdown}, M. and {Aumont}, J. and {Azzaro}, M. and {Bacchetta}, A. and {Baccigalupi}, C. and {Baker}, M. and {Balasini}, M. and {Balbi}, A. and {Banday}, A.~J. and {Barbier}, G. and {Barreiro}, R.~B. and {Bartelmann}, M. and {Battaglia}, P. and {Battaner}, E. and {Benabed}, K. and {Beney}, J. -L. and {Beneyton}, R. and {Bennett}, K. and {Benoit}, A. and {Bernard}, J. -P. and {Bhandari}, P. and {Bhatia}, R. and {Biggi}, M. and {Biggins}, R. and {Billig}, G. and {Blanc}, Y. and {Blavot}, H. and {Bock}, J.~J. and {Bonaldi}, A. and {Bond}, R. and {Bonis}, J. and {Borders}, J. and {Borrill}, J. and {Boschini}, L. and {Boulanger}, F. and {Bouvier}, J. and {Bouzit}, M. and {Bowman}, R. and {Br{\'e}elle}, E. and {Bradshaw}, T. and {Braghin}, M. and {Bremer}, M. and {Brienza}, D. and {Broszkiewicz}, D. and {Burigana}, C. and {Burkhalter}, M. and {Cabella}, P. and {Cafferty}, T. and {Cairola}, M. and {Caminade}, S. and {Camus}, P. and {Cantalupo}, C.~M. and {Cappellini}, B. and {Cardoso}, J. -F. and {Carr}, R. and {Catalano}, A. and {Cay{\'o}n}, L. and {Cesa}, M. and {Chaigneau}, M. and {Challinor}, A. and {Chamballu}, A. and {Chambelland}, J.~P. and {Charra}, M. and {Chiang}, L. -Y. and {Chlewicki}, G. and {Christensen}, P.~R. and {Church}, S. and {Ciancietta}, E. and {Cibrario}, M. and {Cizeron}, R. and {Clements}, D. and {Collaudin}, B. and {Colley}, J. -M. and {Colombi}, S. and {Colombo}, A. and {Colombo}, F. and {Corre}, O. and {Couchot}, F. and {Cougrand}, B. and {Coulais}, A. and {Couzin}, P. and {Crane}, B. and {Crill}, B. and {Crook}, M. and {Crumb}, D. and {Cuttaia}, F. and {D{\"o}rl}, U. and {da Silva}, P. and {Daddato}, R. and {Damasio}, C. and {Danese}, L. and {D'Aquino}, G. and {D'Arcangelo}, O. and {Dassas}, K. and {Davies}, R.~D. and {Davies}, W. and {Davis}, R.~J. and {de Bernardis}, P. and {de Chambure}, D. and {de Gasperis}, G. and {de La Fuente}, M.~L. and {de Paco}, P. and {de Rosa}, A. and {de Troia}, G. and {de Zotti}, G. and {Dehamme}, M. and {Delabrouille}, J. and {Delouis}, J. -M. and {D{\'e}sert}, F. -X. and {di Girolamo}, G. and {Dickinson}, C. and {Doelling}, E. and {Dolag}, K. and {Domken}, I. and {Douspis}, M. and {Doyle}, D. and {Du}, S. and {Dubruel}, D. and {Dufour}, C. and {Dumesnil}, C. and {Dupac}, X. and {Duret}, P. and {Eder}, C. and {Elfving}, A. and {En{\ss}lin}, T.~A. and {Eng}, P. and {English}, K. and {Eriksen}, H.~K. and {Estaria}, P. and {Falvella}, M.~C. and {Ferrari}, F. and {Finelli}, F. and {Fishman}, A. and {Fogliani}, S. and {Foley}, S. and {Fonseca}, A. and {Forma}, G. and {Forni}, O. and {Fosalba}, P. and {Fourmond}, J. -J. and {Frailis}, M. and {Franceschet}, C. and {Franceschi}, E. and {Fran{\c{c}}ois}, S. and {Frerking}, M. and {G{\'o}mez- Re{\~n}asco}, M.~F. and {G{\'o}rski}, K.~M. and {Gaier}, T.~C. and {Galeotta}, S. and {Ganga}, K. and {Garc{\'\i}a L{\'a}zaro}, J. and {Garnica}, A. and {Gaspard}, M. and {Gavila}, E. and {Giard}, M. and {Giardino}, G. and {Gienger}, G. and {Giraud- Heraud}, Y. and {Glorian}, J. -M. and {Griffin}, M. and {Gruppuso}, A. and {Guglielmi}, L. and {Guichon}, D. and {Guillaume}, B. and {Guillouet}, P. and {Haissinski}, J. and {Hansen}, F.~K. and {Hardy}, J. and {Harrison}, D. and {Hazell}, A. and {Hechler}, M. and {Heckenauer}, V. and {Heinzer}, D. and {Hell}, R. and {Henrot-Versill{\'e}}, S. and {Hern{\'a}ndez- Monteagudo}, C. and {Herranz}, D. and {Herreros}, J.~M. and {Hervier}, V. and {Heske}, A. and {Heurtel}, A. and {Hildebrandt}, S.~R. and {Hills}, R. and {Hivon}, E. and {Hobson}, M. and {Hollert}, D. and {Holmes}, W. and {Hornstrup}, A. and {Hovest}, W. and {Hoyland}, R.~J. and {Huey}, G. and {Huffenberger}, K.~M. and {Hughes}, N. and {Israelsson}, U. and {Jackson}, B. and {Jaffe}, A. and {Jaffe}, T.~R. and {Jagemann}, T. and {Jessen}, N.~C. and {Jewell}, J. and {Jones}, W. and {Juvela}, M. and {Kaplan}, J. and {Karlman}, P. and {Keck}, F. and {Keih{\"a}nen}, E. and {King}, M. and {Kisner}, T.~S. and {Kletzkine}, P. and {Kneissl}, R. and {Knoche}, J. and {Knox}, L. and {Koch}, T. and {Krassenburg}, M. and {Kurki-Suonio}, H. and {L{\"a}hteenm{\"a}ki}, A. and {Lagache}, G. and {Lagorio}, E. and {Lami}, P. and {Lande}, J. and {Lange}, A. and {Langlet}, F. and {Lapini}, R. and {Lapolla}, M. and {Lasenby}, A. and {Le Jeune}, M. and {Leahy}, J.~P. and {Lefebvre}, M. and {Legrand}, F. and {Le Meur}, G. and {Leonardi}, R. and {Leriche}, B. and {Leroy}, C. and {Leutenegger}, P. and {Levin}, S.~M. and {Lilje}, P.~B. and {Lindensmith}, C. and {Linden-V{\o}rnle}, M. and {Loc}, A. and {Longval}, Y. and {Lubin}, P.~M. and {Luchik}, T. and {Luthold}, I. and {Macias-Perez}, J.~F. and {Maciaszek}, T. and {MacTavish}, C. and {Madden}, S. and {Maffei}, B. and {Magneville}, C. and {Maino}, D. and {Mambretti}, A. and {Mansoux}, B. and {Marchioro}, D. and {Maris}, M. and {Marliani}, F. and {Marrucho}, J. -C. and {Mart{\'\i}-Canales}, J. and {Mart{\'\i}nez-Gonz{\'a}lez}, E. and {Mart{\'\i}n-Polegre}, A. and {Martin}, P. and {Marty}, C. and {Marty}, W. and {Masi}, S. and {Massardi}, M. and {Matarrese}, S. and {Matthai}, F. and {Mazzotta}, P. and {McDonald}, A. and {McGrath}, P. and {Mediavilla}, A. and {Meinhold}, P.~R. and {M{\'e}lin}, J. -B. and {Melot}, F. and {Mendes}, L. and {Mennella}, A. and {Mervier}, C. and {Meslier}, L. and {Miccolis}, M. and {Miville-Deschenes}, M. -A. and {Moneti}, A. and {Montet}, D. and {Montier}, L. and {Mora}, J. and {Morgante}, G. and {Morigi}, G. and {Morinaud}, G. and {Morisset}, N. and {Mortlock}, D. and {Mottet}, S. and {Mulder}, J. and {Munshi}, D. and {Murphy}, A. and {Murphy}, P. and {Musi}, P. and {Narbonne}, J. and {Naselsky}, P. and {Nash}, A. and {Nati}, F. and {Natoli}, P. and {Netterfield}, B. and {Newell}, J. and {Nexon}, M. and {Nicolas}, C. and {Nielsen}, P.~H. and {Ninane}, N. and {Noviello}, F. and {Novikov}, D. and {Novikov}, I. and {O'Dwyer}, I.~J. and {Oldeman}, P. and {Olivier}, P. and {Ouchet}, L. and {Oxborrow}, C.~A. and {P{\'e }rez-Cuevas}, L. and {Pagan}, L. and {Paine}, C. and {Pajot}, F. and {Paladini}, R. and {Pancher}, F. and {Panh}, J. and {Parks}, G. and {Parnaudeau}, P. and {Partridge}, B. and {Parvin}, B. and {Pascual}, J.~P. and {Pasian}, F. and {Pearson}, D.~P. and {Pearson}, T. and {Pecora}, M. and {Perdereau}, O. and {Perotto}, L. and {Perrotta}, F. and {Piacentini}, F. and {Piat}, M. and {Pierpaoli}, E. and {Piersanti}, O. and {Plaige}, E. and {Plaszczynski}, S. and {Platania}, P. and {Pointecouteau}, E. and {Polenta}, G. and {Ponthieu}, N. and {Popa}, L. and {Poulleau}, G. and {Poutanen}, T. and {Pr{\'e}zeau}, G. and {Pradell}, L. and {Prina}, M. and {Prunet}, S. and {Rachen}, J.~P. and {Rambaud}, D. and {Rame}, F. and {Rasmussen}, I. and {Rautakoski}, J. and {Reach}, W.~T. and {Rebolo}, R. and {Reinecke}, M. and {Reiter}, J. and {Renault}, C. and {Ricciardi}, S. and {Rideau}, P. and {Riller}, T. and {Ristorcelli}, I. and {Riti}, J.~B. and {Rocha}, G. and {Roche}, Y. and {Pons}, R. and {Rohlfs}, R. and {Romero}, D. and {Roose}, S. and {Rosset}, C. and {Rouberol}, S. and {Rowan- Robinson}, M. and {Rubi{\~n}o-Mart{\'\i}n}, J.~A. and {Rusconi}, P. and {Rusholme}, B. and {Salama}, M. and {Salerno}, E. and {Sandri}, M. and {Santos}, D. and {Sanz}, J.~L. and {Sauter}, L. and {Sauvage}, F. and {Savini}, G. and {Schmelzel}, M. and {Schnorhk}, A. and {Schwarz}, W. and {Scott}, D. and {Seiffert}, M.~D. and {Shellard}, P. and {Shih}, C. and {Sias}, M. and {Silk}, J.~I. and {Silvestri}, R. and {Sippel}, R. and {Smoot}, G.~F. and {Starck}, J. -L. and {Stassi}, P. and {Sternberg}, J. and {Stivoli}, F. and {Stolyarov}, V. and {Stompor}, R. and {Stringhetti}, L. and {Strommen}, D. and {Stute}, T. and {Sudiwala}, R. and {Sugimura}, R. and {Sunyaev}, R. and {Sygnet}, J. -F. and {T{\"u}rler}, M. and {Taddei}, E. and {Tallon}, J. and {Tamiatto}, C. and {Taurigna}, M. and {Taylor}, D. and {Terenzi}, L. and {Thuerey}, S. and {Tillis}, J. and {Tofani}, G. and {Toffolatti}, L. and {Tommasi}, E. and {Tomasi}, M. and {Tonazzini}, E. and {Torre}, J. -P. and {Tosti}, S. and {Touze}, F. and {Tristram}, M. and {Tuovinen}, J. and {Tuttlebee}, M. and {Umana}, G. and {Valenziano}, L. and {Vall{\'e}e}, D. and {van der Vlis}, M. and {van Leeuwen}, F. and {Vanel}, J. -C. and {van-Tent}, B. and {Varis}, J. and {Vassallo}, E. and {Vescovi}, C. and {Vezzu}, F. and {Vibert}, D. and {Vielva}, P. and {Vierra}, J. and {Villa}, F. and {Vittorio}, N. and {Vuerli}, C. and {Wade}, L.~A. and {Walker}, A.~R. and {Wandelt}, B.~D. and {Watson}, C. and {Werner}, D. and {White}, M. and {White}, S.~D.~M. and {Wilkinson}, A. and {Wilson}, P. and {Woodcraft}, A. and {Yoffo}, B. and {Yun}, M. and {Yurchenko}, V. and {Yvon}, D. and {Zhang}, B. and {Zimmermann}, O. and {Zonca}, A. and {Zorita}, D.},
	Date-Added = {2018-11-19 18:31:25 -0800},
	Date-Modified = {2018-11-19 18:31:32 -0800},
	Doi = {10.1051/0004-6361/200912983},
	Eid = {A1},
	Journal = {\aap},
	Keywords = {cosmic microwave background, space vehicles: instruments, instrumentation: detectors, instrumentation: polarimeters, submillimeter: general, radio continuum: general},
	Month = Sep,
	Pages = {A1},
	Title = {{Planck pre-launch status: The Planck mission}},
	Url = {https://ui.adsabs.harvard.edu/#abs/2010A&A...520A...1T},
	Volume = {520},
	Year = 2010,
	Bdsk-Url-1 = {https://doi.org/10.1051/0004-6361/200912983}}

@article{Bennett2003,
	Adsnote = {Provided by the SAO/NASA Astrophysics Data System},
	Archiveprefix = {arXiv},
	Author = {{Bennett}, C.~L. and {Bay}, M. and {Halpern}, M. and {Hinshaw}, G. and {Jackson}, C. and {Jarosik}, N. and {Kogut}, A. and {Limon}, M. and {Meyer}, S.~S. and {Page}, L. and {Spergel}, D.~N. and {Tucker}, G.~S. and {Wilkinson}, D.~T. and {Wollack}, E. and {Wright}, E.~L.},
	Date-Added = {2018-11-19 18:29:59 -0800},
	Date-Modified = {2018-11-19 18:30:09 -0800},
	Doi = {10.1086/345346},
	Eprint = {astro-ph/0301158},
	Journal = {\apj},
	Keywords = {Cosmology: Cosmic Microwave Background, Cosmology: Observations, Cosmology: Dark Matter, Cosmology: Early Universe, Space Vehicles: Instruments, Astrophysics},
	Month = Jan,
	Pages = {1-23},
	Primaryclass = {astro-ph},
	Title = {{The Microwave Anisotropy Probe Mission}},
	Url = {https://ui.adsabs.harvard.edu/#abs/2003ApJ...583....1B},
	Volume = {583},
	Year = 2003,
	Bdsk-Url-1 = {https://doi.org/10.1086/345346}}

@article{Hu2003,
	Adsnote = {Provided by the SAO/NASA Astrophysics Data System},
	Archiveprefix = {arXiv},
	Author = {{Hu}, Wayne and {Hedman}, Matthew M. and {Zaldarriaga}, Matias},
	Date-Added = {2018-11-19 18:28:37 -0800},
	Date-Modified = {2018-11-19 18:28:45 -0800},
	Doi = {10.1103/PhysRevD.67.043004},
	Eid = {043004},
	Eprint = {astro-ph/0210096},
	Journal = {\prd},
	Keywords = {98.70.Vc, Background radiations, Astrophysics},
	Month = Feb,
	Pages = {043004},
	Primaryclass = {astro-ph},
	Title = {{Benchmark parameters for CMB polarization experiments}},
	Url = {https://ui.adsabs.harvard.edu/#abs/2003PhRvD..67d3004H},
	Volume = {67},
	Year = 2003,
	Bdsk-Url-1 = {https://doi.org/10.1103/PhysRevD.67.043004}}

@article{Wallis2017,
	Adsnote = {Provided by the SAO/NASA Astrophysics Data System},
	Author = {{Wallis}, Christopher G.~R. and {Brown}, Michael L. and {Battye}, Richard A. and {Delabrouille}, Jacques},
	Date-Added = {2018-11-19 18:26:20 -0800},
	Date-Modified = {2018-11-19 18:26:31 -0800},
	Doi = {10.1093/mnras/stw2577},
	Journal = {\mnras},
	Keywords = {methods: observational, cosmic background radiation, cosmology: observations, inflation, Astrophysics - Cosmology and Nongalactic Astrophysics, Astrophysics - Instrumentation and Methods for Astrophysics},
	Month = Apr,
	Pages = {425-442},
	Primaryclass = {astro-ph.CO},
	Title = {{Optimal scan strategies for future CMB satellite experiments}},
	Url = {https://ui.adsabs.harvard.edu/#abs/2017MNRAS.466..425W},
	Volume = {466},
	Year = 2017,
	Bdsk-Url-1 = {https://doi.org/10.1093/mnras/stw2577}}

@article{Kurki-Suonio2009,
	Adsnote = {Provided by the SAO/NASA Astrophysics Data System},
	Archiveprefix = {arXiv},
	Author = {{Kurki-Suonio}, H. and {Keih{\"a}nen}, E. and {Keskitalo}, R. and {Poutanen}, T. and {Sirvi{\"o}}, A. -S. and {Maino}, D. and {Burigana}, C.},
	Date-Added = {2018-11-19 18:25:05 -0800},
	Date-Modified = {2018-11-19 18:25:28 -0800},
	Doi = {10.1051/0004-6361/200912361},
	Eprint = {0904.3623},
	Journal = {\aap},
	Keywords = {methods: data analysis, cosmology: cosmic microwave background, Astrophysics - Instrumentation and Methods for Astrophysics, Astrophysics - Cosmology and Extragalactic Astrophysics},
	Month = Nov,
	Pages = {1511-1539},
	Primaryclass = {astro-ph.IM},
	Title = {{Destriping CMB temperature and polarization maps}},
	Url = {https://ui.adsabs.harvard.edu/#abs/2009A&A...506.1511K},
	Volume = {506},
	Year = 2009,
	Bdsk-Url-1 = {https://doi.org/10.1051/0004-6361/200912361}}

@article{Holland2013,
	Adsnote = {Provided by the SAO/NASA Astrophysics Data System},
	Archiveprefix = {arXiv},
	Author = {{Holland}, W.~S. and {Bintley}, D. and {Chapin}, E.~L. and {Chrysostomou}, A. and {Davis}, G.~R. and {Dempsey}, J.~T. and {Duncan}, W.~D. and {Fich}, M. and {Friberg}, P. and {Halpern}, M. and {Irwin}, K.~D. and {Jenness}, T. and {Kelly}, B.~D. and {MacIntosh}, M.~J. and {Robson}, E.~I. and {Scott}, D. and {Ade}, P.~A.~R. and {Atad-Ettedgui}, E. and {Berry}, D.~S. and {Craig}, S.~C. and {Gao}, X. and {Gibb}, A.~G. and {Hilton}, G.~C. and {Hollister}, M.~I. and {Kycia}, J.~B. and {Lunney}, D.~W. and {McGregor}, H. and {Montgomery}, D. and {Parkes}, W. and {Tilanus}, R.~P.~J. and {Ullom}, J.~N. and {Walther}, C.~A. and {Walton}, A.~J. and {Woodcraft}, A.~L. and {Amiri}, M. and {Atkinson}, D. and {Burger}, B. and {Chuter}, T. and {Coulson}, I.~M. and {Doriese}, W.~B. and {Dunare}, C. and {Economou}, F. and {Niemack}, M.~D. and {Parsons}, H.~A.~L. and {Reintsema}, C.~D. and {Sibthorpe}, B. and {Smail}, I. and {Sudiwala}, R. and {Thomas}, H.~S.},
	Date-Added = {2018-11-19 18:22:49 -0800},
	Date-Modified = {2018-11-19 18:22:57 -0800},
	Doi = {10.1093/mnras/sts612},
	Eprint = {1301.3650},
	Journal = {\mnras},
	Keywords = {instrumentation: detectors, submillimetre: general, Astrophysics - Instrumentation and Methods for Astrophysics, Physics - Instrumentation and Detectors},
	Month = Apr,
	Pages = {2513-2533},
	Primaryclass = {astro-ph.IM},
	Title = {{SCUBA-2: the 10 000 pixel bolometer camera on the James Clerk Maxwell Telescope}},
	Url = {https://ui.adsabs.harvard.edu/#abs/2013MNRAS.430.2513H},
	Volume = {430},
	Year = 2013,
	Bdsk-Url-1 = {https://doi.org/10.1093/mnras/sts612}}

@article{Dober2017,
	Adsnote = {Provided by the SAO/NASA Astrophysics Data System},
	Author = {{Dober}, B. and {Becker}, D.~T. and {Bennett}, D.~A. and {Bryan}, S.~A. and {Duff}, S.~M. and {Gard}, J.~D. and {Hays-Wehle}, J.~P. and {Hilton}, G.~C. and {Hubmayr}, J. and {Mates}, J.~A.~B. and {Reintsema}, C.~D. and {Vale}, L.~R. and {Ullom}, J.~N.},
	Date-Added = {2018-11-19 18:21:28 -0800},
	Date-Modified = {2018-11-19 18:21:33 -0800},
	Doi = {10.1063/1.5008527},
	Eid = {243510},
	Journal = {Applied Physics Letters},
	Keywords = {Astrophysics - Instrumentation and Methods for Astrophysics},
	Month = Dec,
	Pages = {243510},
	Primaryclass = {astro-ph.IM},
	Title = {{Microwave SQUID multiplexer demonstration for cosmic microwave background imagers}},
	Url = {https://ui.adsabs.harvard.edu/#abs/2017ApPhL.111x3510D},
	Volume = {111},
	Year = 2017,
	Bdsk-Url-1 = {https://doi.org/10.1063/1.5008527}}

@article{Irwin2004,
	Adsnote = {Provided by the SAO/NASA Astrophysics Data System},
	Author = {{Irwin}, K.~D. and {Lehnert}, K.~W.},
	Date-Added = {2018-11-19 18:20:24 -0800},
	Date-Modified = {2018-11-19 18:20:37 -0800},
	Doi = {10.1063/1.1791733},
	Eid = {2107},
	Journal = {Applied Physics Letters},
	Keywords = {85.25.Dq, 85.30.Tv, 74.40.+k, Superconducting quantum interference devices, Field effect devices, Fluctuations},
	Month = Sep,
	Pages = {2107},
	Title = {{Microwave SQUID multiplexer}},
	Url = {https://ui.adsabs.harvard.edu/#abs/2004ApPhL..85.2107I},
	Volume = {85},
	Year = 2004,
	Bdsk-Url-1 = {https://doi.org/10.1063/1.1791733}}

@article{Steinbach2018,
	Adsnote = {Provided by the SAO/NASA Astrophysics Data System},
	Author = {{Steinbach}, B.~A. and {Bock}, J.~J. and {Nguyen}, H.~T. and {O'Brient}, R.~C. and {Turner}, A.~D.},
	Date-Added = {2018-11-19 18:19:08 -0800},
	Date-Modified = {2018-11-19 18:19:20 -0800},
	Doi = {10.1007/s10909-018-2016-y},
	Journal = {Journal of Low Temperature Physics},
	Keywords = {TKID, Thermal kinetic inductance detector, Resonator bolometer, CMB, Cosmic microwave background, TLS, Two-level systems, Astrophysics - Instrumentation and Methods for Astrophysics},
	Month = Nov,
	Pages = {88-95},
	Primaryclass = {astro-ph.IM},
	Title = {{Thermal Kinetic Inductance Detectors for Ground-Based Millimeter-Wave Cosmology}},
	Url = {https://ui.adsabs.harvard.edu/#abs/2018JLTP..193...88S},
	Volume = {193},
	Year = 2018,
	Bdsk-Url-1 = {https://doi.org/10.1007/s10909-018-2016-y}}

@inproceedings{Gloesener2006,
	Adsnote = {Provided by the SAO/NASA Astrophysics Data System},
	Author = {{Gloesener}, P.},
	Booktitle = {ESA Special Publication},
	Date-Added = {2018-11-19 18:15:27 -0800},
	Date-Modified = {2018-11-19 18:15:38 -0800},
	Eid = {43},
	Month = Jun,
	Pages = {43},
	Title = {{Large Aluminium Convex Mirror for the Cryo-Optical Test of the Planck Primary Reflector}},
	Url = {https://ui.adsabs.harvard.edu/#abs/2006ESASP.621E..43G},
	Volume = {621},
	Year = 2006,
	Bdsk-Url-1 = {https://ui.adsabs.harvard.edu/#abs/2006ESASP.621E..43G}}

@inproceedings{Toulemont2004,
	Adsnote = {Provided by the SAO/NASA Astrophysics Data System},
	Author = {{Toulemont}, Y. and {Passvogel}, T. and {Pillbrat}, G. and {de Chambure}, D. and {Pierot}, D. and {Castel}, D.},
	Booktitle = {5th International Conference on Space Optics},
	Date-Added = {2018-11-19 18:13:44 -0800},
	Date-Modified = {2018-11-19 18:13:57 -0800},
	Editor = {{Warmbein}, B.},
	Keywords = {Space Telescopes, Herschel},
	Month = Jun,
	Pages = {341-348},
	Title = {{The 3.5m all SiC telescope for Herschel}},
	Url = {https://ui.adsabs.harvard.edu/#abs/2004ESASP.554..341T},
	Volume = {554},
	Year = 2004,
	Bdsk-Url-1 = {https://ui.adsabs.harvard.edu/#abs/2004ESASP.554..341T}}

@article{Bard1987,
	Adsnote = {Provided by the SAO/NASA Astrophysics Data System},
	Author = {{Bard}, Steven},
	Date-Added = {2018-11-19 18:12:25 -0800},
	Date-Modified = {2018-11-19 18:12:33 -0800},
	Doi = {10.2514/3.25898},
	Journal = {Journal of Spacecraft and Rockets},
	Keywords = {Cryogenic Cooling, Radiation Shielding, Spacecraft Radiators, Thermal Insulation, V Grooves, Vacuum Chambers, Field Of View, Liquid Nitrogen, Low Temperature, Radiant Heating, Space Missions, Weight Reduction, Engineering (General)},
	Month = May,
	Pages = {193-197},
	Title = {{Development of a High-Performance Cryogenic Radiator with V-Groove Radiation Shields}},
	Url = {https://ui.adsabs.harvard.edu/#abs/1987JSpRo..24..193B},
	Volume = {24},
	Year = 1987,
	Bdsk-Url-1 = {https://doi.org/10.2514/3.25898}}

@misc{ESA2016,
	Author = {{European Space Agency}},
	Date-Added = {2018-11-19 18:07:33 -0800},
	Date-Modified = {2018-12-01 10:37:51 -0800},
	Month = {May},
	Title = {CMB Polarisation Mission Study -- CDF Summary Presentation},
	Url = {http://sci.esa.int/trs/57805-cmb-polarisation-study---cdf-summary-presentation/},
	Year = {2016},
	Bdsk-Url-1 = {http://sci.esa.int/trs/57803-cmb-polarisation-study---cdf-summary-presentation/}}

@misc{ESA2009,
	Author = {{European Space Agency}},
	Date-Added = {2018-11-19 18:05:28 -0800},
	Date-Modified = {2018-11-28 19:03:36 -0800},
	Month = {September},
	Title = {Planck Cooling System},
	Url = {http://sci.esa.int/planck/45498-cooling-system/?fbodylongid=2123},
	Year = {2009},
	Bdsk-Url-1 = {http://sci.esa.int/planck/45498-cooling-system/?fbodylongid=2123}}

@article{Pajot2010,
	Adsnote = {Provided by the SAO/NASA Astrophysics Data System},
	Author = {{Pajot}, F. and {Ade}, P.~A.~R. and {Beney}, J. -L. and {Br{\'e}elle}, E. and {Broszkiewicz}, D. and {Camus}, P. and {Carab{\'e}tian}, C. and {Catalano}, A. and {Chardin}, A. and {Charra}, M. and {Charra}, J. and {Cizeron}, R. and {Couchot}, F. and {Coulais}, A. and {Crill}, B.~P. and {Dassas}, K. and {Daubin}, J. and {de Bernardis}, P. and {de Marcillac}, P. and {Delouis}, J. -M. and {D{\'e}sert}, F. -X. and {Duret}, P. and {Eng}, P. and {Evesque}, C. and {Fourmond}, J. -J. and {Fran{\c{c}}ois}, S. and {Giard}, M. and {Giraud-H{\'e}raud}, Y. and {Guglielmi}, L. and {Guyot}, G. and {Haissinski}, J. and {Henrot-Versill{\'e}}, S. and {Hervier}, V. and {Holmes}, W. and {Jones}, W.~C. and {Lamarre}, J. -M. and {Lami}, P. and {Lange}, A.~E. and {Lefebvre}, M. and {Leriche}, B. and {Leroy}, C. and {Macias- Perez}, J. and {Maciaszek}, T. and {Maffei}, B. and {Mahendran}, A. and {Mansoux}, B. and {Marty}, C. and {Masi}, S. and {Mercier}, C. and {Miville-Deschenes}, M. -A. and {Montier}, L. and {Nicolas}, C. and {Noviello}, F. and {Perdereau}, O. and {Piacentini}, F. and {Piat}, M. and {Plaszczynski}, S. and {Pointecouteau}, E. and {Pons}, R. and {Ponthieu}, N. and {Puget}, J. -L. and {Rambaud}, D. and {Renault}, C. and {Renault}, J. -C. and {Rioux}, C. and {Ristorcelli}, I. and {Rosset}, C. and {Savini}, G. and {Sudiwala}, R. and {Torre}, J. -P. and {Tristram}, M. and {Vall{\'e}e}, D. and {Veneziani}, M. and {Yvon}, D.},
	Date-Added = {2018-11-19 18:01:52 -0800},
	Date-Modified = {2018-11-19 18:02:01 -0800},
	Doi = {10.1051/0004-6361/200913203},
	Eid = {A10},
	Journal = {\aap},
	Keywords = {cosmic microwave background, space vehicles: instruments, submillimeter: general},
	Month = Sep,
	Pages = {A10},
	Title = {{Planck pre-launch status: HFI ground calibration}},
	Url = {https://ui.adsabs.harvard.edu/#abs/2010A&A...520A..10P},
	Volume = {520},
	Year = 2010,
	Bdsk-Url-1 = {https://doi.org/10.1051/0004-6361/200913203}}

@inproceedings{Glaister2006,
	Adsnote = {Provided by the SAO/NASA Astrophysics Data System},
	Author = {{Glaister}, D.~S. and {Gully}, W. and {Ross}, R. and {Hendershott}, P. and {Marquardt}, E. and {Kotsubo}, V.},
	Booktitle = {Advances in Cryogenic Engineering: Transactions of the Cryogenic Engineering Conference},
	Date-Added = {2018-11-19 17:59:04 -0800},
	Date-Modified = {2018-11-19 17:59:22 -0800},
	Doi = {10.1063/1.2202469},
	Editor = {{Weisend}, J.~G., II and {Barclay}, John and {Breon}, Susan and {Demko}, Jonathan and {Dipirro}, Michael and {Kelley}, J. Patrick and {Kittel}, Peter and {Klebaner}, Arkadiy and {Lock}, Jennifer and {Maddocks}, James and {Peterson}, Tom and {Pfotenhauer}, John and {Rowe}, Andrew and {van Sciver}, Steven and {Zeller}, Al},
	Keywords = {07.20.Mc, 07.87.+v, Cryogenics, refrigerators low-temperature detectors and other low-temperature equipment, Spaceborne and space research instruments apparatus and components},
	Month = Apr,
	Pages = {632-639},
	Series = {American Institute of Physics Conference Series},
	Title = {{Ball Aerospace 4-6 K Space Cryocooler}},
	Url = {https://ui.adsabs.harvard.edu/#abs/2006AIPC..823..632G},
	Volume = {823},
	Year = 2006,
	Bdsk-Url-1 = {https://doi.org/10.1063/1.2202469}}

@inproceedings{Durand2008,
	Adsnote = {Provided by the SAO/NASA Astrophysics Data System},
	Author = {{Durand}, D. and {Colbert}, R. and {Jaco}, C. and {Michaelian}, M. and {Nguyen}, T. and {Petach}, M. and {Raab}, J.},
	Booktitle = {Advances in Cryogenic Engineering},
	Date-Added = {2018-11-19 17:57:14 -0800},
	Date-Modified = {2018-11-19 17:57:27 -0800},
	Doi = {10.1063/1.2908674},
	Editor = {{Weisend}, J.~G. and {Barclay}, John and {Breon}, Susan and {Demko}, Jonathan and {Dipirro}, Michael and {Kelley}, J. Patrick and {Kittel}, Peter and {Klebaner}, Arkadiy and {Zeller}, Al and {Zagarola}, Mark and {van Sciver}, Steven and {Rowe}, Andrew and {Pfotenhauer}, John and {Peterson}, Tom and {Lock}, Jennifer},
	Keywords = {07.20.Mc, 95.55.Fw, 95.85.Gn, 51.30.+i, Cryogenics, refrigerators low- temperature detectors and other low-temperature equipment, Space-based ultraviolet optical and infrared telescopes, Far infrared, Thermodynamic properties equations of state},
	Month = Mar,
	Pages = {807-814},
	Series = {American Institute of Physics Conference Series},
	Title = {{Mid Infrared Instrument (miri) Cooler Subsystem Prototype Demonstration}},
	Url = {https://ui.adsabs.harvard.edu/#abs/2008AIPC..985..807D},
	Volume = {52},
	Year = 2008,
	Bdsk-Url-1 = {https://doi.org/10.1063/1.2908674}}

@article{Shirron2012,
	Adsnote = {Provided by the SAO/NASA Astrophysics Data System},
	Author = {{Shirron}, Peter J. and {Kimball}, Mark O. and {Fixsen}, Dale J. and {Kogut}, Alan J. and {Li}, Xiaoyi and {DiPirro}, Michael J.},
	Date-Added = {2018-11-19 17:55:23 -0800},
	Date-Modified = {2018-11-19 17:55:35 -0800},
	Doi = {10.1016/j.cryogenics.2012.01.009},
	Journal = {Cryogenics},
	Month = Apr,
	Pages = {140-144},
	Title = {{Design of the PIXIE adiabatic demagnetization refrigerators}},
	Url = {https://ui.adsabs.harvard.edu/#abs/2012Cryo...52..140S},
	Volume = {52},
	Year = 2012,
	Bdsk-Url-1 = {https://doi.org/10.1016/j.cryogenics.2012.01.009}}

@article{Shirron2016,
	Adsnote = {Provided by the SAO/NASA Astrophysics Data System},
	Author = {{Shirron}, Peter J. and {Kimball}, Mark O. and {James}, Bryan L. and {Muench}, Theodore and {DiPirro}, Michael J. and {Bialas}, Thomas G. and {Sneiderman}, Gary A. and {Porter}, Frederick S. and {Kelley}, Richard L.},
	Date-Added = {2018-11-19 17:54:09 -0800},
	Date-Modified = {2018-11-19 17:54:24 -0800},
	Doi = {10.1016/j.cryogenics.2015.10.011},
	Journal = {Cryogenics},
	Keywords = {Space cryogenics, Astronomy, Adiabatic demagnetization refrigerator, Magnetic refrigeration, Low temperature detectors},
	Month = Mar,
	Pages = {24-30},
	Title = {{Thermodynamic performance of the 3-stage ADR for the Astro-H Soft-X-ray Spectrometer instrument}},
	Url = {https://ui.adsabs.harvard.edu/#abs/2016Cryo...74...24S},
	Volume = {74},
	Year = 2016,
	Bdsk-Url-1 = {https://doi.org/10.1016/j.cryogenics.2015.10.011}}

@article{SPIDER2018,
	Adsnote = {Provided by the SAO/NASA Astrophysics Data System},
	Archiveprefix = {arXiv},
	Author = {{Gualtieri}, R. and {Filippini}, J.~P. and {Ade}, P.~A.~R. and {Amiri}, M. and {Benton}, S.~J. and {Bergman}, A.~S. and {Bihary}, R. and {Bock}, J.~J. and {Bond}, J.~R. and {Bryan}, S.~A. and {Chiang}, H.~C. and {Contaldi}, C.~R. and {Dor{\'e}}, O. and {Duivenvoorden}, A.~J. and {Eriksen}, H.~K. and {Farhang}, M. and {Fissel}, L.~M. and {Fraisse}, A.~A. and {Freese}, K. and {Galloway}, M. and {Gambrel}, A.~E. and {Gandilo}, N.~N. and {Ganga}, K. and {Gramillano}, R.~V. and {Gudmundsson}, J.~E. and {Halpern}, M. and {Hartley}, J. and {Hasselfield}, M. and {Hilton}, G. and {Holmes}, W. and {Hristov}, V.~V. and {Huang}, Z. and {Irwin}, K.~D. and {Jones}, W.~C. and {Kuo}, C.~L. and {Kermish}, Z.~D. and {Li}, S. and {Mason}, P.~V. and {Megerian}, K. and {Moncelsi}, L. and {Morford}, T.~A. and {Nagy}, J.~M. and {Netterfield}, C.~B. and {Nolta}, M. and {Osherson}, B. and {Padilla}, I.~L. and {Racine}, B. and {Rahlin}, A.~S. and {Reintsema}, C. and {Ruhl}, J.~E. and {Runyan}, M.~C. and {Ruud}, T.~M. and {Shariff}, J.~A. and {Soler}, J.~D. and {Song}, X. and {Trangsrud}, A. and {Tucker}, C. and {Tucker}, R.~S. and {Turner}, A.~D. and {List}, J.~F.~v.~d. and {Weber}, A.~C. and {Wehus}, I.~K. and {Wiebe}, D.~V. and {Young}, E.~Y.},
	Doi = {10.1007/s10909-018-2078-x},
	Eprint = {1711.10596},
	Journal = {Journal of Low Temperature Physics},
	Keywords = {Cosmic microwave background, Inflation, Bolometers, Transition-edge sensors, Polarimetry},
	Month = dec,
	Pages = {1112-1121},
	Title = {{SPIDER: CMB Polarimetry from the Edge of Space}},
	Url = {http://adsabs.harvard.edu/abs/2018JLTP..193.1112G},
	Volume = 193,
	Year = 2018,
	Bdsk-Url-1 = {http://adsabs.harvard.edu/abs/2018JLTP..193.1112G},
	Bdsk-Url-2 = {https://doi.org/10.1007/s10909-018-2078-x}}

@article{Planck2018,
	Adsnote = {Provided by the SAO/NASA Astrophysics Data System},
	Archiveprefix = {arXiv},
	Author = {{Planck Collaboration} and {Aghanim}, N. and {Akrami}, Y. and {Ashdown}, M. and {Aumont}, J. and {Baccigalupi}, C. and {Ballardini}, M. and {Banday}, A.~J. and {Barreiro}, R.~B. and {Bartolo}, N. and {Basak}, S. and {Benabed}, K. and {Bernard}, J.-P. and {Bersanelli}, M. and {Bielewicz}, P. and {Bond}, J.~R. and {Borrill}, J. and {Bouchet}, F.~R. and {Boulanger}, F. and {Bucher}, M. and {Burigana}, C. and {Calabrese}, E. and {Cardoso}, J.-F. and {Carron}, J. and {Challinor}, A. and {Chiang}, H.~C. and {Colombo}, L.~P.~L. and {Combet}, C. and {Couchot}, F. and {Crill}, B.~P. and {Cuttaia}, F. and {de Bernardis}, P. and {de Rosa}, A. and {de Zotti}, G. and {Delabrouille}, J. and {Delouis}, J.-M. and {Di Valentino}, E. and {Diego}, J.~M. and {Dor{\'e}}, O. and {Douspis}, M. and {Ducout}, A. and {Dupac}, X. and {Efstathiou}, G. and {Elsner}, F. and {En{\ss}lin}, T.~A. and {Eriksen}, H.~K. and {Falgarone}, E. and {Fantaye}, Y. and {Finelli}, F. and {Frailis}, M. and {Fraisse}, A.~A. and {Franceschi}, E. and {Frolov}, A. and {Galeotta}, S. and {Galli}, S. and {Ganga}, K. and {G{\'e}nova-Santos}, R.~T. and {Gerbino}, M. and {Ghosh}, T. and {Gonz{\'a}lez-Nuevo}, J. and {G{\'o}rski}, K.~M. and {Gratton}, S. and {Gruppuso}, A. and {Gudmundsson}, J.~E. and {Handley}, W. and {Hansen}, F.~K. and {Henrot-Versill{\'e}}, S. and {Herranz}, D. and {Hivon}, E. and {Huang}, Z. and {Jaffe}, A.~H. and {Jones}, W.~C. and {Karakci}, A. and {Keih{\"a}nen}, E. and {Keskitalo}, R. and {Kiiveri}, K. and {Kim}, J. and {Kisner}, T.~S. and {Krachmalnicoff}, N. and {Kunz}, M. and {Kurki-Suonio}, H. and {Lagache}, G. and {Lamarre}, J.-M. and {Lasenby}, A. and {Lattanzi}, M. and {Lawrence}, C.~R. and {Levrier}, F. and {Liguori}, M. and {Lilje}, P.~B. and {Lindholm}, V. and {L{\'o}pez-Caniego}, M. and {Ma}, Y.-Z. and {Mac{\'{\i}}as-P{\'e}rez}, J.~F. and {Maggio}, G. and {Maino}, D. and {Mandolesi}, N. and {Mangilli}, A. and {Martin}, P.~G. and {Mart{\'{\i}}nez-Gonz{\'a}lez}, E. and {Matarrese}, S. and {Mauri}, N. and {McEwen}, J.~D. and {Melchiorri}, A. and {Mennella}, A. and {Migliaccio}, M. and {Miville-Desch{\^e}nes}, M.-A. and {Molinari}, D. and {Moneti}, A. and {Montier}, L. and {Morgante}, G. and {Moss}, A. and {Mottet}, S. and {Natoli}, P. and {Pagano}, L. and {Paoletti}, D. and {Partridge}, B. and {Patanchon}, G. and {Patrizii}, L. and {Perdereau}, O. and {Perrotta}, F. and {Pettorino}, V. and {Piacentini}, F. and {Puget}, J.-L. and {Rachen}, J.~P. and {Reinecke}, M. and {Remazeilles}, M. and {Renzi}, A. and {Rocha}, G. and {Roudier}, G. and {Salvati}, L. and {Sandri}, M. and {Savelainen}, M. and {Scott}, D. and {Sirignano}, C. and {Sirri}, G. and {Spencer}, L.~D. and {Sunyaev}, R. and {Suur-Uski}, A.-S. and {Tauber}, J.~A. and {Tavagnacco}, D. and {Tenti}, M. and {Toffolatti}, L. and {Tomasi}, M. and {Tristram}, M. and {Trombetti}, T. and {Valiviita}, J. and {Vansyngel}, F. and {Van Tent}, B. and {Vibert}, L. and {Vielva}, P. and {Villa}, F. and {Vittorio}, N. and {Wandelt}, B.~D. and {Wehus}, I.~K. and {Zonca}, A.},
	Date-Added = {2018-11-19 17:46:28 -0800},
	Date-Modified = {2018-11-19 17:46:39 -0800},
	Eprint = {1807.06207},
	Journal = {ArXiv e-prints},
	Keywords = {Astrophysics - Cosmology and Nongalactic Astrophysics},
	Month = jul,
	Title = {{Planck 2018 results. III. High Frequency Instrument data processing and frequency maps}},
	Url = {http://adsabs.harvard.edu/abs/2018arXiv180706207P},
	Year = 2018,
	Bdsk-Url-1 = {http://adsabs.harvard.edu/abs/2018arXiv180706207P}}

@article{Planck2014,
	Adsnote = {Provided by the SAO/NASA Astrophysics Data System},
	Archiveprefix = {arXiv},
	Author = {{Planck Collaboration} and {Ade}, P.~A.~R. and {Aghanim}, N. and {Armitage-Caplan}, C. and {Arnaud}, M. and {Ashdown}, M. and {Atrio-Barandela}, F. and {Aumont}, J. and {Baccigalupi}, C. and {Banday}, A.~J. and {Barreiro}, R.~B. and {Battaner}, E. and {Benabed}, K. and {Beno{\^\i}t}, A. and {Benoit-L{\'e}vy}, A. and {Bernard}, J. -P. and {Bersanelli}, M. and {Bielewicz}, P. and {Bobin}, J. and {Bock}, J.~J. and {Bond}, J.~R. and {Borrill}, J. and {Bouchet}, F.~R. and {Boulanger}, F. and {Bowyer}, J.~W. and {Bridges}, M. and {Bucher}, M. and {Burigana}, C. and {Cardoso}, J. -F. and {Catalano}, A. and {Chamballu}, A. and {Chary}, R. -R. and {Chen}, X. and {Chiang}, H.~C. and {Chiang}, L. -Y. and {Christensen}, P.~R. and {Church}, S. and {Clements}, D.~L. and {Colombi}, S. and {Colombo}, L.~P.~L. and {Combet}, C. and {Couchot}, F. and {Coulais}, A. and {Crill}, B.~P. and {Curto}, A. and {Cuttaia}, F. and {Danese}, L. and {Davies}, R.~D. and {Davis}, R.~J. and {de Bernardis}, P. and {de Rosa}, A. and {de Zotti}, G. and {Delabrouille}, J. and {Delouis}, J. -M. and {D{\'e}sert}, F. -X. and {Dickinson}, C. and {Diego}, J.~M. and {Dole}, H. and {Donzelli}, S. and {Dor{\'e}}, O. and {Douspis}, M. and {Dunkley}, J. and {Dupac}, X. and {Efstathiou}, G. and {En{\ss}lin}, T.~A. and {Eriksen}, H.~K. and {Finelli}, F. and {Forni}, O. and {Frailis}, M. and {Fraisse}, A.~A. and {Franceschi}, E. and {Galeotta}, S. and {Ganga}, K. and {Giard}, M. and {Giardino}, G. and {Girard}, D. and {Giraud-H{\'e}raud}, Y. and {Gonz{\'a}lez-Nuevo}, J. and {G{\'o}rski}, K.~M. and {Gratton}, S. and {Gregorio}, A. and {Gruppuso}, A. and {Gudmundsson}, J.~E. and {Hansen}, F.~K. and {Hanson}, D. and {Harrison}, D. and {Helou}, G. and {Henrot-Versill{\'e}}, S. and {Herent}, O. and {Hern{\'a}ndez-Monteagudo}, C. and {Herranz}, D. and {Hildebrandt}, S.~R. and {Hivon}, E. and {Hobson}, M. and {Holmes}, W.~A. and {Hornstrup}, A. and {Hou}, Z. and {Hovest}, W. and {Huffenberger}, K.~M. and {Hurier}, G. and {Jaffe}, A.~H. and {Jaffe}, T.~R. and {Jones}, W.~C. and {Juvela}, M. and {Keih{\"a}nen}, E. and {Keskitalo}, R. and {Kisner}, T.~S. and {Kneissl}, R. and {Knoche}, J. and {Knox}, L. and {Kunz}, M. and {Kurki-Suonio}, H. and {Lagache}, G. and {Lamarre}, J. -M. and {Lasenby}, A. and {Laureijs}, R.~J. and {Lawrence}, C.~R. and {Le Jeune}, M. and {Leonardi}, R. and {Leroy}, C. and {Lesgourgues}, J. and {Liguori}, M. and {Lilje}, P.~B. and {Linden-V{\o}rnle}, M. and {L{\'o}pez-Caniego}, M. and {Lubin}, P.~M. and {Mac{\'\i}as-P{\'e}rez}, J.~F. and {MacTavish}, C.~J. and {Maffei}, B. and {Mandolesi}, N. and {Maris}, M. and {Marleau}, F. and {Marshall}, D.~J. and {Martin}, P.~G. and {Mart{\'\i}nez-Gonz{\'a}lez}, E. and {Masi}, S. and {Massardi}, M. and {Matarrese}, S. and {Matthai}, F. and {Mazzotta}, P. and {McGehee}, P. and {Meinhold}, P.~R. and {Melchiorri}, A. and {Melot}, F. and {Mendes}, L. and {Mennella}, A. and {Migliaccio}, M. and {Mitra}, S. and {Miville-Desch{\^e}nes}, M. -A. and {Moneti}, A. and {Montier}, L. and {Morgante}, G. and {Mortlock}, D. and {Mottet}, S. and {Munshi}, D. and {Murphy}, J.~A. and {Naselsky}, P. and {Nati}, F. and {Natoli}, P. and {Netterfield}, C.~B. and {N{\o}rgaard-Nielsen}, H.~U. and {North}, C. and {Noviello}, F. and {Novikov}, D. and {Novikov}, I. and {Orieux}, F. and {Osborne}, S. and {Oxborrow}, C.~A. and {Paci}, F. and {Pagano}, L. and {Pajot}, F. and {Paladini}, R. and {Paoletti}, D. and {Pasian}, F. and {Patanchon}, G. and {Perdereau}, O. and {Perotto}, L. and {Perrotta}, F. and {Piacentini}, F. and {Piat}, M. and {Pierpaoli}, E. and {Pietrobon}, D. and {Plaszczynski}, S. and {Pointecouteau}, E. and {Polenta}, G. and {Ponthieu}, N. and {Popa}, L. and {Poutanen}, T. and {Pratt}, G.~W. and {Pr{\'e}zeau}, G. and {Prunet}, S. and {Puget}, J. -L. and {Rachen}, J.~P. and {Racine}, B. and {Reach}, W.~T. and {Rebolo}, R. and {Reinecke}, M. and {Remazeilles}, M. and {Renault}, C. and {Ricciardi}, S. and {Riller}, T. and {Ristorcelli}, I. and {Rocha}, G. and {Rosset}, C. and {Roudier}, G. and {Rowan-Robinson}, M. and {Rusholme}, B. and {Sanselme}, L. and {Santos}, D. and {Sauv{\'e}}, A. and {Savini}, G. and {Scott}, D. and {Shellard}, E.~P.~S. and {Spencer}, L.~D. and {Starck}, J. -L. and {Stolyarov}, V. and {Stompor}, R. and {Sudiwala}, R. and {Sureau}, F. and {Sutton}, D. and {Suur-Uski}, A. -S. and {Sygnet}, J. -F. and {Tauber}, J.~A. and {Tavagnacco}, D. and {Techene}, S. and {Terenzi}, L. and {Tomasi}, M. and {Tristram}, M. and {Tucci}, M. and {Umana}, G. and {Valenziano}, L. and {Valiviita}, J. and {Van Tent}, B. and {Vibert}, L. and {Vielva}, P. and {Villa}, F. and {Vittorio}, N. and {Wade}, L.~A. and {Wandelt}, B.~D. and {White}, S.~D.~M. and {Yvon}, D. and {Zacchei}, A. and {Zonca}, A.},
	Date-Added = {2018-11-19 17:45:37 -0800},
	Date-Modified = {2018-11-19 17:45:48 -0800},
	Doi = {10.1051/0004-6361/201321570},
	Eid = {A6},
	Eprint = {1303.5067},
	Journal = {\aap},
	Keywords = {methods: data analysis, cosmic background radiation, cosmology: observations, surveys, Astrophysics - Cosmology and Nongalactic Astrophysics, Astrophysics - Instrumentation and Methods for Astrophysics},
	Month = Nov,
	Pages = {A6},
	Primaryclass = {astro-ph.CO},
	Title = {{Planck 2013 results. VI. High Frequency Instrument data processing}},
	Url = {https://ui.adsabs.harvard.edu/#abs/2014A&A...571A...6P},
	Volume = {571},
	Year = 2014,
	Bdsk-Url-1 = {https://doi.org/10.1051/0004-6361/201321570}}

@article{Planck2011,
	Adsnote = {Provided by the SAO/NASA Astrophysics Data System},
	Archiveprefix = {arXiv},
	Author = {{Planck Collaboration} and {Ade}, P.~A.~R. and {Aghanim}, N. and {Arnaud}, M. and {Ashdown}, M. and {Aumont}, J. and {Baccigalupi}, C. and {Baker}, M. and {Balbi}, A. and {Banday}, A.~J. and {Barreiro}, R.~B. and {Battaner}, E. and {Benabed}, K. and {Beno{\^\i}t}, A. and {Bernard}, J. -P. and {Bersanelli}, M. and {Bhandari}, P. and {Bhatia}, R. and {Bock}, J.~J. and {Bonaldi}, A. and {Bond}, J.~R. and {Borders}, J. and {Borrill}, J. and {Bouchet}, F.~R. and {Bowman}, B. and {Bradshaw}, T. and {Br{\'e}elle}, E. and {Bucher}, M. and {Burigana}, C. and {Butler}, R.~C. and {Cabella}, P. and {Camus}, P. and {Cantalupo}, C.~M. and {Cappellini}, B. and {Cardoso}, J. -F. and {Catalano}, A. and {Cay{\'o}n}, L. and {Challinor}, A. and {Chamballu}, A. and {Chambelland}, J.~P. and {Charra}, J. and {Charra}, M. and {Chiang}, L. -Y. and {Chiang}, C. and {Christensen}, P.~R. and {Clements}, D.~L. and {Collaudin}, B. and {Colombi}, S. and {Couchot}, F. and {Coulais}, A. and {Crill}, B.~P. and {Crook}, M. and {Cuttaia}, F. and {Damasio}, C. and {Danese}, L. and {Davies}, R.~D. and {Davis}, R.~J. and {de Bernardis}, P. and {de Gasperis}, G. and {de Rosa}, A. and {Delabrouille}, J. and {Delouis}, J. -M. and {D{\'e}sert}, F. -X. and {Dolag}, K. and {Donzelli}, S. and {Dor{\'e}}, O. and {D{\"o}rl}, U. and {Douspis}, M. and {Dupac}, X. and {Efstathiou}, G. and {En{\ss}lin}, T.~A. and {Eriksen}, H.~K. and {Filliard}, C. and {Finelli}, F. and {Foley}, S. and {Forni}, O. and {Fosalba}, P. and {Fourmond}, J. -J. and {Frailis}, M. and {Franceschi}, E. and {Galeotta}, S. and {Ganga}, K. and {Gavila}, E. and {Giard}, M. and {Giardino}, G. and {Giraud-H{\'e}raud}, Y. and {Gonz{\'a}lez-Nuevo}, J. and {G{\'o}rski}, K.~M. and {Gratton}, S. and {Gregorio}, A. and {Gruppuso}, A. and {Guyot}, G. and {Harrison}, D. and {Helou}, G. and {Henrot-Versill{\'e}}, S. and {Hern{\'a}ndez-Monteagudo}, C. and {Herranz}, D. and {Hildebrandt}, S.~R. and {Hivon}, E. and {Hobson}, M. and {Holmes}, W.~A. and {Hornstrup}, A. and {Hovest}, W. and {Hoyland}, R.~J. and {Huffenberger}, K.~M. and {Israelsson}, U. and {Jaffe}, A.~H. and {Jones}, W.~C. and {Juvela}, M. and {Keih{\"a}nen}, E. and {Keskitalo}, R. and {Kisner}, T.~S. and {Kneissl}, R. and {Knox}, L. and {Kurki- Suonio}, H. and {Lagache}, G. and {Lamarre}, J. -M. and {Lami}, P. and {Lasenby}, A. and {Laureijs}, R.~J. and {Lavabre}, A. and {Lawrence}, C.~R. and {Leach}, S. and {Lee}, R. and {Leonardi}, R. and {Leroy}, C. and {Lilje}, P.~B. and {L{\'o}pez-Caniego}, M. and {Lubin}, P.~M. and {Mac{\'\i}as-P{\'e}rez}, J.~F. and {Maciaszek}, T. and {MacTavish}, C.~J. and {Maffei}, B. and {Maino}, D. and {Mandolesi}, N. and {Mann}, R. and {Maris}, M. and {Mart{\'\i}nez-Gonz{\'a}lez}, E. and {Masi}, S. and {Matarrese}, S. and {Matthai}, F. and {Mazzotta}, P. and {McGehee}, P. and {Meinhold}, P.~R. and {Melchiorri}, A. and {Melot}, F. and {Mendes}, L. and {Mennella}, A. and {Miville- Desch{\^e}nes}, M. -A. and {Moneti}, A. and {Montier}, L. and {Mora}, J. and {Morgante}, G. and {Morisset}, N. and {Mortlock}, D. and {Munshi}, D. and {Murphy}, A. and {Naselsky}, P. and {Nash}, A. and {Natoli}, P. and {Netterfield}, C.~B. and {Novikov}, D. and {Novikov}, I. and {O'Dwyer}, I.~J. and {Osborne}, S. and {Pajot}, F. and {Pasian}, F. and {Patanchon}, G. and {Pearson}, D. and {Perdereau}, O. and {Perotto}, L. and {Perrotta}, F. and {Piacentini}, F. and {Piat}, M. and {Plaszczynski}, S. and {Platania}, P. and {Pointecouteau}, E. and {Polenta}, G. and {Ponthieu}, N. and {Poutanen}, T. and {Pr{\'e}zeau}, G. and {Prina}, M. and {Prunet}, S. and {Puget}, J. -L. and {Rachen}, J.~P. and {Rebolo}, R. and {Reinecke}, M. and {Renault}, C. and {Ricciardi}, S. and {Riller}, T. and {Ristorcelli}, I. and {Rocha}, G. and {Rosset}, C. and {Rubi{\~n}o-Mart{\'\i}n}, J.~A. and {Rusholme}, B. and {Sandri}, M. and {Santos}, D. and {Savini}, G. and {Schaefer}, B.~M. and {Scott}, D. and {Seiffert}, M.~D. and {Shellard}, P. and {Smoot}, G.~F. and {Starck}, J. -L. and {Stassi}, P. and {Stivoli}, F. and {Stolyarov}, V. and {Stompor}, R. and {Sudiwala}, R. and {Sygnet}, J. -F. and {Tauber}, J.~A. and {Terenzi}, L. and {Toffolatti}, L. and {Tomasi}, M. and {Torre}, J. -P. and {Tristram}, M. and {Tuovinen}, J. and {Valenziano}, L. and {Vibert}, L. and {Vielva}, P. and {Villa}, F. and {Vittorio}, N. and {Wade}, L.~A. and {Wandelt}, B.~D. and {Watson}, C. and {White}, S.~D.~M. and {Wilkinson}, A. and {Wilson}, P. and {Yvon}, D. and {Zacchei}, A. and {Zhang}, B. and {Zonca}, A.},
	Date-Added = {2018-11-19 17:44:23 -0800},
	Date-Modified = {2018-11-19 17:44:31 -0800},
	Doi = {10.1051/0004-6361/201116486},
	Eid = {A2},
	Eprint = {1101.2023},
	Journal = {\aap},
	Keywords = {cosmic background radiation, space vehicles: instruments, instrumentation: detectors, Astrophysics - Instrumentation and Methods for Astrophysics},
	Month = Dec,
	Pages = {A2},
	Primaryclass = {astro-ph.IM},
	Title = {{Planck early results. II. The thermal performance of Planck}},
	Url = {https://ui.adsabs.harvard.edu/#abs/2011A&A...536A...2P},
	Volume = {536},
	Year = 2011,
	Bdsk-Url-1 = {https://doi.org/10.1051/0004-6361/201116486}}

@article{PlanckHFI2011,
	Adsnote = {Provided by the SAO/NASA Astrophysics Data System},
	Archiveprefix = {arXiv},
	Author = {{Planck HFI Core Team} and {Ade}, P.~A.~R. and {Aghanim}, N. and {Ansari}, R. and {Arnaud}, M. and {Ashdown}, M. and {Aumont}, J. and {Banday}, A.~J. and {Bartelmann}, M. and {Bartlett}, J.~G. and {Battaner}, E. and {Benabed}, K. and {Beno{\^\i}t}, A. and {Bernard}, J. -P. and {Bersanelli}, M. and {Bhatia}, R. and {Bock}, J.~J. and {Bond}, J.~R. and {Borrill}, J. and {Bouchet}, F.~R. and {Boulanger}, F. and {Bradshaw}, T. and {Br{\'e}elle}, E. and {Bucher}, M. and {Camus}, P. and {Cardoso}, J. -F. and {Catalano}, A. and {Challinor}, A. and {Chamballu}, A. and {Charra}, J. and {Charra}, M. and {Chary}, R. -R. and {Chiang}, C. and {Church}, S. and {Clements}, D.~L. and {Colombi}, S. and {Couchot}, F. and {Coulais}, A. and {Cressiot}, C. and {Crill}, B.~P. and {Crook}, M. and {de Bernardis}, P. and {Delabrouille}, J. and {Delouis}, J. -M. and {D{\'e}sert}, F. -X. and {Dolag}, K. and {Dole}, H. and {Dor{\'e}}, O. and {Douspis}, M. and {Efstathiou}, G. and {Eng}, P. and {Filliard}, C. and {Forni}, O. and {Fosalba}, P. and {Fourmond}, J. -J. and {Ganga}, K. and {Giard}, M. and {Girard}, D. and {Giraud-H{\'e}raud}, Y. and {Gispert}, R. and {G{\'o}rski}, K.~M. and {Gratton}, S. and {Griffin}, M. and {Guyot}, G. and {Haissinski}, J. and {Harrison}, D. and {Helou}, G. and {Henrot-Versill{\'e}}, S. and {Hern{\'a}ndez-Monteagudo}, C. and {Hildebrandt}, S.~R. and {Hills}, R. and {Hivon}, E. and {Hobson}, M. and {Holmes}, W.~A. and {Huffenberger}, K.~M. and {Jaffe}, A.~H. and {Jones}, W.~C. and {Kaplan}, J. and {Kneissl}, R. and {Knox}, L. and {Lagache}, G. and {Lamarre}, J. -M. and {Lami}, P. and {Lange}, A.~E. and {Lasenby}, A. and {Lavabre}, A. and {Lawrence}, C.~R. and {Leriche}, B. and {Leroy}, C. and {Longval}, Y. and {Mac{\'\i}as-P{\'e}rez}, J.~F. and {Maciaszek}, T. and {MacTavish}, C.~J. and {Maffei}, B. and {Mandolesi}, N. and {Mann}, R. and {Mansoux}, B. and {Masi}, S. and {Matsumura}, T. and {McGehee}, P. and {Melin}, J. -B. and {Mercier}, C. and {Miville-Desch{\^e}nes}, M. -A. and {Moneti}, A. and {Montier}, L. and {Mortlock}, D. and {Murphy}, A. and {Nati}, F. and {Netterfield}, C.~B. and {N{\o}rgaard-Nielsen}, H.~U. and {North}, C. and {Noviello}, F. and {Novikov}, D. and {Osborne}, S. and {Paine}, C. and {Pajot}, F. and {Patanchon}, G. and {Peacocke}, T. and {Pearson}, T.~J. and {Perdereau}, O. and {Perotto}, L. and {Piacentini}, F. and {Piat}, M. and {Plaszczynski}, S. and {Pointecouteau}, E. and {Pons}, R. and {Ponthieu}, N. and {Pr{\'e}zeau}, G. and {Prunet}, S. and {Puget}, J. -L. and {Reach}, W.~T. and {Renault}, C. and {Ristorcelli}, I. and {Rocha}, G. and {Rosset}, C. and {Roudier}, G. and {Rowan-Robinson}, M. and {Rusholme}, B. and {Santos}, D. and {Savini}, G. and {Schaefer}, B.~M. and {Shellard}, P. and {Spencer}, L. and {Starck}, J. -L. and {Stassi}, P. and {Stolyarov}, V. and {Stompor}, R. and {Sudiwala}, R. and {Sunyaev}, R. and {Sygnet}, J. -F. and {Tauber}, J.~A. and {Thum}, C. and {Torre}, J. -P. and {Touze}, F. and {Tristram}, M. and {van Leeuwen}, F. and {Vibert}, L. and {Vibert}, D. and {Wade}, L.~A. and {Wandelt}, B.~D. and {White}, S.~D.~M. and {Wiesemeyer}, H. and {Woodcraft}, A. and {Yurchenko}, V. and {Yvon}, D. and {Zacchei}, A.},
	Date-Added = {2018-11-19 17:42:53 -0800},
	Date-Modified = {2018-11-19 17:43:42 -0800},
	Doi = {10.1051/0004-6361/201116487},
	Eid = {A4},
	Eprint = {1101.2039},
	Journal = {\aap},
	Keywords = {instrumentation: detectors, methods: data analysis, instrumentation: photometers, cosmic background radiation, cosmology: observations, Astrophysics - Instrumentation and Methods for Astrophysics, Astrophysics - Cosmology and Nongalactic Astrophysics},
	Month = Dec,
	Pages = {A4},
	Primaryclass = {astro-ph.IM},
	Title = {{Planck early results. IV. First assessment of the High Frequency Instrument in-flight performance}},
	Url = {https://ui.adsabs.harvard.edu/#abs/2011A&A...536A...4P},
	Volume = {536},
	Year = 2011,
	Bdsk-Url-1 = {https://doi.org/10.1051/0004-6361/201116487}}

@misc{Pajot2018,
	Author = {Pajot, F.},
	Date = {2018-10-22},
	Date-Added = {2018-11-19 17:35:53 -0800},
	Date-Modified = {2018-11-19 17:38:00 -0800},
	Howpublished = {Private communication},
	Title = {Planck compression}}

@misc{privatecommunication,
	Howpublished = {Private communication}}

@article{EBEX2017,
	Adsnote = {Provided by the SAO/NASA Astrophysics Data System},
	Author = {{The EBEX Collaboration} and {Aboobaker}, Asad and {Ade}, Peter and {Araujo}, Derek and {Aubin}, Fran{\c{c}}ois and {Baccigalupi}, Carlo and {Bao}, Chaoyun and {Chapman}, Daniel and {Didier}, Joy and {Dobbs}, Matt and {Grainger}, Will and {Hanany}, Shaul and {Helson}, Kyle and {Hillbrand}, Seth and {Hubmayr}, Johannes and {Jaffe}, Andrew and {Johnson}, Bradley and {Jones}, Terry and {Klein}, Jeff and {Korotkov}, Andrei and {Lee}, Adrian and {Levinson}, Lorne and {Limon}, Michele and {MacDermid}, Kevin and {Miller}, Amber D. and {Milligan}, Michael and {Moncelsi}, Lorenzo and {Pascale}, Enzo and {Raach}, Kate and {Reichborn- Kjennerud}, Britt and {Sagiv}, Ilan and {Tucker}, Carole and {Tucker}, Gregory S. and {Westbrook}, Benjamin and {Young}, Karl and {Zilic}, Kyle},
	Date-Added = {2018-11-19 17:32:50 -0800},
	Date-Modified = {2018-11-19 17:33:03 -0800},
	Doi = {10.3847/1538-4365/aae435},
	Eid = {9},
	Journal = {The Astrophysical Journal Supplement Series},
	Keywords = {balloons, cosmic background radiation, cosmology: observations, instrumentation: polarimeters, polarization, Astrophysics - Instrumentation and Methods for Astrophysics, Astrophysics - Cosmology and Nongalactic Astrophysics},
	Month = Nov,
	Pages = {9},
	Primaryclass = {astro-ph.IM},
	Title = {{The EBEX Balloon-borne Experiment{\textemdash}Gondola, Attitude Control, and Control Software}},
	Url = {https://ui.adsabs.harvard.edu/#abs/2018ApJS..239....9T},
	Volume = {239},
	Year = 2018,
	Bdsk-Url-1 = {https://doi.org/10.3847/1538-4365/aae435}}

@article{Henderson2016,
	Adsnote = {Provided by the SAO/NASA Astrophysics Data System},
	Author = {{Henderson}, S.~W. and {Allison}, R. and {Austermann}, J. and {Baildon}, T. and {Battaglia}, N. and {Beall}, J.~A. and {Becker}, D. and {De Bernardis}, F. and {Bond}, J.~R. and {Calabrese}, E. and {Choi}, S.~K. and {Coughlin}, K.~P. and {Crowley}, K.~T. and {Datta}, R. and {Devlin}, M.~J. and {Duff}, S.~M. and {Dunkley}, J. and {D{\"u}nner}, R. and {van Engelen}, A. and {Gallardo}, P.~A. and {Grace}, E. and {Hasselfield}, M. and {Hills}, F. and {Hilton}, G.~C. and {Hincks}, A.~D. and {Hlo{\^z}ek}, R. and {Ho}, S.~P. and {Hubmayr}, J. and {Huffenberger}, K. and {Hughes}, J.~P. and {Irwin}, K.~D. and {Koopman}, B.~J. and {Kosowsky}, A.~B. and {Li}, D. and {McMahon}, J. and {Munson}, C. and {Nati}, F. and {Newburgh}, L. and {Niemack}, M.~D. and {Niraula}, P. and {Page}, L.~A. and {Pappas}, C.~G. and {Salatino}, M. and {Schillaci}, A. and {Schmitt}, B.~L. and {Sehgal}, N. and {Sherwin}, B.~D. and {Sievers}, J.~L. and {Simon}, S.~M. and {Spergel}, D.~N. and {Staggs}, S.~T. and {Stevens}, J.~R. and {Thornton}, R. and {Van Lanen}, J. and {Vavagiakis}, E.~M. and {Ward}, J.~T. and {Wollack}, E.~J.},
	Date-Added = {2018-11-19 17:31:06 -0800},
	Date-Modified = {2018-11-19 17:31:22 -0800},
	Doi = {10.1007/s10909-016-1575-z},
	Journal = {Journal of Low Temperature Physics},
	Keywords = {Bolometers, Cosmic microwave background, Millimeter-wave, Polarimetry, Superconducting detectors, Transition edge sensors, Astrophysics - Instrumentation and Methods for Astrophysics, Astrophysics - Cosmology and Nongalactic Astrophysics},
	Month = Aug,
	Pages = {772-779},
	Primaryclass = {astro-ph.IM},
	Title = {{Advanced ACTPol Cryogenic Detector Arrays and Readout}},
	Url = {https://ui.adsabs.harvard.edu/#abs/2016JLTP..184..772H},
	Volume = {184},
	Year = 2016,
	Bdsk-Url-1 = {https://doi.org/10.1007/s10909-016-1575-z}}

@inproceedings{Rahlin2014,
	Adsnote = {Provided by the SAO/NASA Astrophysics Data System},
	Archiveprefix = {arXiv},
	Author = {{Rahlin}, A.~S. and {Ade}, P.~A.~R. and {Amiri}, M. and {Benton}, S.~J. and {Bock}, J.~J. and {Bond}, J.~R. and {Bryan}, S.~A. and {Chiang}, Hsin C. and {Contaldi}, C.~R. and {Crill}, B.~P. and {Dor{\'e}}, O. and {Farhang}, M. and {Filippini}, J.~P. and {Fissel}, L.~M. and {Fraisse}, A.~A. and {Gambrel}, A.~E. and {Gandilo}, N.~N. and {Golwala}, S. and {Gudmundsson}, Jon E. and {Halpern}, M. and {Hasselfield}, M.~F. and {Hilton}, G. and {Holmes}, W.~A. and {Hristov}, V.~V. and {Irwin}, K.~D. and {Jones}, William C. and {Kermish}, Zigmund D. and {Kuo}, C.~L. and {MacTavish}, C.~J. and {Mason}, P.~V. and {Megerian}, K. and {Moncelsi}, L. and {Morford}, T.~A. and {Nagy}, J.~M. and {Netterfield}, C.~B. and {O'Brient}, R. and {Reintsema}, C. and {Ruhl}, J.~E. and {Runyan}, M.~C. and {Shariff}, J.~A. and {Soler}, J.~D. and {Trangsrud}, A. and {Tucker}, C. and {Tucker}, R.~S. and {Turner}, A.~D. and {Weber}, A.~C. and {Wiebe}, D.~V. and {Young}, E.~Y.},
	Booktitle = {Millimeter, Submillimeter, and Far-Infrared Detectors and Instrumentation for Astronomy VII},
	Date-Added = {2018-11-19 17:17:34 -0800},
	Date-Modified = {2018-11-19 17:17:46 -0800},
	Doi = {10.1117/12.2055683},
	Eid = {915313},
	Eprint = {1407.2906},
	Keywords = {Astrophysics - Instrumentation and Methods for Astrophysics, Astrophysics - Cosmology and Nongalactic Astrophysics},
	Month = Jul,
	Pages = {915313},
	Primaryclass = {astro-ph.IM},
	Title = {{Pre-flight integration and characterization of the SPIDER balloon-borne telescope}},
	Url = {https://ui.adsabs.harvard.edu/#abs/2014SPIE.9153E..13R},
	Volume = {9153},
	Year = 2014,
	Bdsk-Url-1 = {https://doi.org/10.1117/12.2055683}}

@article{Turner2001,
	Adsnote = {Provided by the SAO/NASA Astrophysics Data System},
	Author = {{Turner}, Anthony D. and {Bock}, James J. and {Beeman}, Jeffrey W. and {Glenn}, Jason and {Hargrave}, Peter C. and {Hristov}, Viktor V. and {Nguyen}, Hien T. and {Rahman}, Faiz and {Sethuraman}, Srinivasan and {Woodcraft}, Adam L.},
	Date-Added = {2018-11-19 17:16:36 -0800},
	Date-Modified = {2018-11-19 17:16:49 -0800},
	Doi = {10.1364/AO.40.004921},
	Journal = {\ao},
	Month = Oct,
	Pages = {4921-4932},
	Title = {{Silicon nitride Micromesh Bolometer Array for Submillimeter Astrophysics}},
	Url = {https://ui.adsabs.harvard.edu/#abs/2001ApOpt..40.4921T},
	Volume = {40},
	Year = 2001,
	Bdsk-Url-1 = {https://doi.org/10.1364/AO.40.004921}}

@article{Bleem2012,
	Adsnote = {Provided by the SAO/NASA Astrophysics Data System},
	Author = {{Bleem}, L. and {Ade}, P. and {Aird}, K. and {Austermann}, J. and {Beall}, J. and {Becker}, D. and {Benson}, B. and {Britton}, J. and {Carlstrom}, J. and {Chang}, C.~L. and {Cho}, H. and {de Haan}, T. and {Crawford}, T. and {Crites}, A. and {Datesman}, A. and {Dobbs}, M. and {Everett}, W. and {Ewall-Wice}, A. and {George}, E. and {Halverson}, N. and {Harrington}, N. and {Henning}, J. and {Hilton}, G. and {Holzapfel}, W. and {Hoover}, S. and {Hubmayr}, J. and {Irwin}, K. and {Keisler}, R. and {Kennedy}, J. and {Lee}, A. and {Leitch}, E. and {Li}, D. and {Lueker}, M. and {Marrone}, D.~P. and {McMahon}, J. and {Mehl}, J. and {Meyer}, S. and {Montgomery}, J. and {Montroy}, T. and {Natoli}, T. and {Nibarger}, J. and {Niemack}, M. and {Novosad}, V. and {Padin}, S. and {Pryke}, C. and {Reichardt}, C. and {Ruhl}, J. and {Saliwanchik}, B. and {Sayre}, J. and {Schafer}, K. and {Shirokoff}, E. and {Story}, K. and {Vanderlinde}, K. and {Vieira}, J. and {Wang}, G. and {Williamson}, R. and {Yefremenko}, V. and {Yoon}, K.~W. and {Young}, E.},
	Date-Added = {2018-11-19 17:15:04 -0800},
	Date-Modified = {2018-11-19 17:15:24 -0800},
	Doi = {10.1007/s10909-012-0505-y},
	Journal = {Journal of Low Temperature Physics},
	Keywords = {Polarimetry, Transition-edge sensors, Bolometers, Cosmic microwave background, Cosmology},
	Month = Jun,
	Pages = {859-864},
	Title = {{An Overview of the SPTpol Experiment}},
	Url = {https://ui.adsabs.harvard.edu/#abs/2012JLTP..167..859B},
	Volume = {167},
	Year = 2012,
	Bdsk-Url-1 = {https://doi.org/10.1007/s10909-012-0505-y}}

@phdthesis{Shirokoff2011,
	Adsnote = {Provided by the SAO/NASA Astrophysics Data System},
	Author = {{Shirokoff}, Erik D.},
	Date-Added = {2018-11-19 17:13:34 -0800},
	Date-Modified = {2018-11-19 17:13:48 -0800},
	Keywords = {Physics, Astrophysics;Physics, Astronomy and Astrophysics},
	Month = Jan,
	School = {University of California, Berkeley},
	Title = {{The South Pole Telescope bolometer array and the measurement of secondary Cosmic Microwave Background anisotropy at small angular scales}},
	Url = {https://ui.adsabs.harvard.edu/#abs/2011PhDT.......383S},
	Year = 2011,
	Bdsk-Url-1 = {https://ui.adsabs.harvard.edu/#abs/2011PhDT.......383S}}

@article{OBrient2013,
	Adsnote = {Provided by the SAO/NASA Astrophysics Data System},
	Archiveprefix = {arXiv},
	Author = {{O'Brient}, Roger and {Ade}, Peter and {Arnold}, Kam and {Edwards}, Jennifer and {Engargiola}, Greg and {Holzapfel}, William L. and {Lee}, Adrian T. and {Myers}, Michael J. and {Quealy}, Erin and {Rebeiz}, Gabriel and {Richards}, Paul and {Suzuki}, Aritoki},
	Date-Added = {2018-11-19 17:12:36 -0800},
	Date-Modified = {2018-11-19 17:12:52 -0800},
	Doi = {10.1063/1.4791692},
	Eid = {063506},
	Eprint = {1302.0325},
	Journal = {Applied Physics Letters},
	Keywords = {bolometers, broadband antennas, channel bank filters, millimetre wave antennas, multiplexing equipment, planar antennas, 84.40.Ba, 89.20.Kk, Antennas: theory components and accessories, Engineering, Astrophysics - Instrumentation and Methods for Astrophysics},
	Month = Feb,
	Pages = {063506},
	Primaryclass = {astro-ph.IM},
	Title = {{A dual-polarized broadband planar antenna and channelizing filter bank for millimeter wavelengths}},
	Url = {https://ui.adsabs.harvard.edu/#abs/2013ApPhL.102f3506O},
	Volume = {102},
	Year = 2013,
	Bdsk-Url-1 = {https://doi.org/10.1063/1.4791692}}

@article{Edwards2012,
	Adsnote = {Provided by the SAO/NASA Astrophysics Data System},
	Author = {{Edwards}, Jennifer M. and {O'Brient}, Roger and {Lee}, Adrian T. and {Rebeiz}, Gabriel M.},
	Date-Added = {2018-11-19 17:11:17 -0800},
	Date-Modified = {2018-11-19 17:11:35 -0800},
	Doi = {10.1109/TAP.2012.2207048},
	Journal = {IEEE Transactions on Antennas and Propagation},
	Month = Sep,
	Pages = {4082-4091},
	Title = {{Dual-Polarized Sinuous Antennas on Extended Hemispherical Silicon Lenses}},
	Url = {https://ui.adsabs.harvard.edu/#abs/2012ITAP...60.4082E},
	Volume = {60},
	Year = 2012,
	Bdsk-Url-1 = {https://doi.org/10.1109/TAP.2012.2207048}}

@article{BICEP2015,
	Adsnote = {Provided by the SAO/NASA Astrophysics Data System},
	Author = {{BICEP2 Collaboration} and {Keck Array Collaboration} and {SPIDER Collaboration} and {Ade}, P.~A.~R. and {Aikin}, R.~W. and {Amiri}, M. and {Barkats}, D. and {Benton}, S.~J. and {Bischoff}, C.~A. and {Bock}, J.~J. and {Bonetti}, J.~A. and {Brevik}, J.~A. and {Buder}, I. and {Bullock}, E. and {Chattopadhyay}, G. and {Davis}, G. and {Day}, P.~K. and {Dowell}, C.~D. and {Duband}, L. and {Filippini}, J.~P. and {Fliescher}, S. and {Golwala}, S.~R. and {Halpern}, M. and {Hasselfield}, M. and {Hildebrandt}, S.~R. and {Hilton}, G.~C. and {Hristov}, V. and {Hui}, H. and {Irwin}, K.~D. and {Jones}, W.~C. and {Karkare}, K.~S. and {Kaufman}, J.~P. and {Keating}, B.~G. and {Kefeli}, S. and {Kernasovskiy}, S.~A. and {Kovac}, J.~M. and {Kuo}, C.~L. and {LeDuc}, H.~G. and {Leitch}, E.~M. and {Llombart}, N. and {Lueker}, M. and {Mason}, P. and {Megerian}, K. and {Moncelsi}, L. and {Netterfield}, C.~B. and {Nguyen}, H.~T. and {O'Brient}, R. and {Ogburn}, R.~W., IV and {Orlando}, A. and {Pryke}, C. and {Rahlin}, A.~S. and {Reintsema}, C.~D. and {Richter}, S. and {Runyan}, M.~C. and {Schwarz}, R. and {Sheehy}, C.~D. and {Staniszewski}, Z.~K. and {Sudiwala}, R.~V. and {Teply}, G.~P. and {Tolan}, J.~E. and {Trangsrud}, A. and {Tucker}, R.~S. and {Turner}, A.~D. and {Vieregg}, A.~G. and {Weber}, A. and {Wiebe}, D.~V. and {Wilson}, P. and {Wong}, C.~L. and {Yoon}, K.~W. and {Zmuidzinas}, J.},
	Date-Added = {2018-11-19 17:09:58 -0800},
	Date-Modified = {2018-11-19 17:10:09 -0800},
	Doi = {10.1088/0004-637X/812/2/176},
	Eid = {176},
	Journal = {\apj},
	Keywords = {cosmic background radiation, instrumentation: detectors, instrumentation: polarimeters, methods: laboratory: solid state, techniques: polarimetric, Astrophysics - Instrumentation and Methods for Astrophysics},
	Month = Oct,
	Pages = {176},
	Primaryclass = {astro-ph.IM},
	Title = {{Antenna-coupled TES Bolometers Used in BICEP2, Keck Array, and Spider}},
	Url = {https://ui.adsabs.harvard.edu/#abs/2015ApJ...812..176B},
	Volume = {812},
	Year = 2015,
	Bdsk-Url-1 = {https://doi.org/10.1088/0004-637X/812/2/176}}

@article{Duff2016,
	Adsnote = {Provided by the SAO/NASA Astrophysics Data System},
	Author = {{Duff}, S.~M. and {Austermann}, J. and {Beall}, J.~A. and {Becker}, D. and {Datta}, R. and {Gallardo}, P.~A. and {Henderson}, S.~W. and {Hilton}, G.~C. and {Ho}, S.~P. and {Hubmayr}, J. and {Koopman}, B.~J. and {Li}, D. and {McMahon}, J. and {Nati}, F. and {Niemack}, M.~D. and {Pappas}, C.~G. and {Salatino}, M. and {Schmitt}, B.~L. and {Simon}, S.~M. and {Staggs}, S.~T. and {Stevens}, J.~R. and {Van Lanen}, J. and {Vavagiakis}, E.~M. and {Ward}, J.~T. and {Wollack}, E.~J.},
	Date-Added = {2018-11-19 17:06:56 -0800},
	Date-Modified = {2018-11-19 17:07:10 -0800},
	Doi = {10.1007/s10909-016-1576-y},
	Journal = {Journal of Low Temperature Physics},
	Month = Aug,
	Pages = {634-641},
	Title = {{Advanced ACTPol Multichroic Polarimeter Array Fabrication Process for 150 mm Wafers}},
	Url = {https://ui.adsabs.harvard.edu/#abs/2016JLTP..184..634D},
	Volume = {184},
	Year = 2016,
	Bdsk-Url-1 = {https://doi.org/10.1007/s10909-016-1576-y}}

@article{Datta2014,
	Adsnote = {Provided by the SAO/NASA Astrophysics Data System},
	Archiveprefix = {arXiv},
	Author = {{Datta}, R. and {Hubmayr}, J. and {Munson}, C. and {Austermann}, J. and {Beall}, J. and {Becker}, D. and {Cho}, H.~M. and {Halverson}, N. and {Hilton}, G. and {Irwin}, K. and {Li}, D. and {McMahon}, J. and {Newburgh}, L. and {Nibarger}, J. and {Niemack}, M. and {Schmitt}, B. and {Smith}, H. and {Staggs}, S. and {Van Lanen}, J. and {Wollack}, E.},
	Date-Added = {2018-11-19 17:01:49 -0800},
	Date-Modified = {2018-11-19 17:02:03 -0800},
	Doi = {10.1007/s10909-014-1134-4},
	Eprint = {1401.8029},
	Journal = {Journal of Low Temperature Physics},
	Keywords = {Cosmic microwave background, Superconducting detectors, Feedhorn, TES, Polarimeter, Millimeter-wave, Silicon lenses, Antireflection coating, Astrophysics - Instrumentation and Methods for Astrophysics},
	Month = Sep,
	Pages = {670-676},
	Primaryclass = {astro-ph.IM},
	Title = {{Horn Coupled Multichroic Polarimeters for the Atacama Cosmology Telescope Polarization Experiment}},
	Url = {https://ui.adsabs.harvard.edu/#abs/2014JLTP..176..670D},
	Volume = {176},
	Year = 2014,
	Bdsk-Url-1 = {https://doi.org/10.1007/s10909-014-1134-4}}

@article{Suzuki2014,
	Adsnote = {Provided by the SAO/NASA Astrophysics Data System},
	Author = {{Suzuki}, A. and {Arnold}, K. and {Edwards}, J. and {Engargiola}, G. and {Holzapfel}, W. and {Keating}, B. and {Lee}, A.~T. and {Meng}, X.~F. and {Myers}, M.~J. and {O'Brient}, R. and {Quealy}, E. and {Rebeiz}, G. and {Richards}, P.~L. and {Rosen}, D. and {Siritanasak}, P.},
	Date-Added = {2018-11-19 17:00:42 -0800},
	Date-Modified = {2018-11-19 17:00:55 -0800},
	Doi = {10.1007/s10909-013-1049-5},
	Journal = {Journal of Low Temperature Physics},
	Keywords = {Cosmic Microwave Background, B-mode, Broadband, Multichroic, Polarization, Anti-Reflectoin Coating},
	Month = Sep,
	Pages = {650-656},
	Title = {{Multi-Chroic Dual-Polarization Bolometric Detectors for Studies of the Cosmic Microwave Background}},
	Url = {https://ui.adsabs.harvard.edu/#abs/2014JLTP..176..650S},
	Volume = {176},
	Year = 2014,
	Bdsk-Url-1 = {https://doi.org/10.1007/s10909-013-1049-5}}

@article{Granet2001,
	Adsnote = {Provided by the SAO/NASA Astrophysics Data System},
	Author = {{Granet}, C.},
	Date-Added = {2018-11-19 16:58:44 -0800},
	Date-Modified = {2018-11-19 16:59:04 -0800},
	Doi = {10.1109/74.979502},
	Journal = {IEEE Antennas and Propagation Magazine},
	Month = Dec,
	Pages = {100-107},
	Title = {{Designing classical Dragonian offset dual-reflector antennas from combinations of prescribed geometric parameters}},
	Url = {https://ui.adsabs.harvard.edu/#abs/2001IAPM...43..100G},
	Volume = {43},
	Year = 2001,
	Bdsk-Url-1 = {https://doi.org/10.1109/74.979502}}

@article{deBernardis2018,
	Adsnote = {Provided by the SAO/NASA Astrophysics Data System},
	Author = {{de Bernardis}, P. and {Ade}, P.~A.~R. and {Baselmans}, J.~J.~A. and {Battistelli}, E.~S. and {Benoit}, A. and {Bersanelli}, M. and {Bideaud}, A. and {Calvo}, M. and {Casas}, F.~J. and {Castellano}, M.~G. and {Catalano}, A. and {Charles}, I. and {Colantoni}, I. and {Columbro}, F. and {Coppolecchia}, A. and {Crook}, M. and {D'Alessandro}, G. and {De Petris}, M. and {Delabrouille}, J. and {Doyle}, S. and {Franceschet}, C. and {Gomez}, A. and {Goupy}, J. and {Hanany}, S. and {Hills}, M. and {Lamagna}, L. and {Macias-Perez}, J. and {Maffei}, B. and {Martin}, S. and {Martinez-Gonzalez}, E. and {Masi}, S. and {McCarthy}, D. and {Mennella}, A. and {Monfardini}, A. and {Noviello}, F. and {Paiella}, A. and {Piacentini}, F. and {Piat}, M. and {Pisano}, G. and {Signorelli}, G. and {Tan}, C.~Y. and {Tartari}, A. and {Trappe}, N. and {Triqueneaux}, S. and {Tucker}, C. and {Vermeulen}, G. and {Young}, K. and {Zannoni}, M. and {Ach{\'u}carro}, A. and {Allison}, R. and {Artall}, E. and {Ashdown}, M. and {Ballardini}, M. and {Banday}, A.~J. and {Banerji}, R. and {Bartlett}, J. and {Bartolo}, N. and {Basak}, S. and {Bonaldi}, A. and {Bonato}, M. and {Borrill}, J. and {Bouchet}, F. and {Boulanger}, F. and {Brinckmann}, T. and {Bucher}, M. and {Burigana}, C. and {Buzzelli}, A. and {Cai}, Z.~Y. and {Carvalho}, C.~S. and {Challinor}, A. and {Chluba}, J. and {Clesse}, S. and {De Gasperis}, G. and {De Zotti}, G. and {Di Valentino}, E. and {Diego}, J.~M. and {Errard}, J. and {Feeney}, S. and {Fernandez- Cobos}, R. and {Finelli}, F. and {Forastieri}, F. and {Galli}, S. and {G{\'e}nova-Santos}, R. and {Gerbino}, M. and {Gonz{\'a }lez-Nuevo}, J. and {Hagstotz}, S. and {Greenslade}, J. and {Handley}, W. and {Hern{\'a}ndez-Monteagudo}, C. and {Hervias- Caimapo}, C. and {Hivon}, E. and {Kiiveri}, K. and {Kisner}, T. and {Kitching}, T. and {Kunz}, M. and {Kurki-Suonio}, H. and {Lasenby}, A. and {Lattanzi}, M. and {Lesgourgues}, J. and {Lewis}, A. and {Liguori}, M. and {Lindholm}, V. and {Luzzi}, G. and {Martins}, C.~J.~A.~P. and {Matarrese}, S. and {Melchiorri}, A. and {Melin}, J.~B. and {Molinari}, D. and {Natoli}, P. and {Negrello}, M. and {Notari}, A. and {Paoletti}, D. and {Patanchon}, G. and {Polastri}, L. and {Polenta}, G. and {Pollo}, A. and {Poulin}, V. and {Quartin}, M. and {Remazeilles}, M. and {Roman}, M. and {Rubi{\~n}o-Mart{\'\i}n}, J.~A. and {Salvati}, L. and {Tomasi}, M. and {Tramonte}, D. and {Trombetti}, T. and {V{\"a}liviita}, J. and {Van de Weyjgaert}, R. and {van Tent}, B. and {Vennin}, V. and {Vielva}, P. and {Vittorio}, N.},
	Date-Added = {2018-11-19 16:56:23 -0800},
	Date-Modified = {2018-11-19 16:56:56 -0800},
	Doi = {10.1088/1475-7516/2018/04/015},
	Eid = {015},
	Journal = {Journal of Cosmology and Astro-Particle Physics},
	Keywords = {Astrophysics - Instrumentation and Methods for Astrophysics, Astrophysics - Cosmology and Nongalactic Astrophysics, Physics - Instrumentation and Detectors},
	Month = Apr,
	Pages = {015},
	Primaryclass = {astro-ph.IM},
	Title = {{Exploring cosmic origins with CORE: The instrument}},
	Url = {https://ui.adsabs.harvard.edu/#abs/2018JCAP...04..015D},
	Volume = {2018},
	Year = 2018,
	Bdsk-Url-1 = {https://doi.org/10.1088/1475-7516/2018/04/015}}

@inproceedings{Young2018,
	Adsnote = {Provided by the SAO/NASA Astrophysics Data System},
	Author = {{Young}, Karl and {Alvarez}, Marcelo and {Battaglia}, Nicholas and {Bock}, Jamie and {Borrill}, Jullian and {Chuss}, David and {Crill}, Brendan and {Delabrouille}, Jacques and {Devlin}, Mark and {Fissel}, Laura and {Flauger}, Raphael and {Green}, Daniel and {Gorski}, Kris and {Hanany}, Shaul and {Hills}, Richard and {Hubmayr}, Johannes and {Johnson}, Bradley and {Jones}, William and {Knox}, Lloyd and {Kogut}, Alan and {Lawrence}, Charles and {Matsumura}, Tomotake and {McGuire}, James and {McMahon}, Jeff and {O'Brient}, Roger and {Pryke}, Clement and {Sutin}, Brian M. and {Tan}, Xin Zhi and {Trangsrud}, Amy and {Wen}, Qi and {De Zotti}, Gianfranco},
	Booktitle = {Society of Photo-Optical Instrumentation Engineers (SPIE) Conference Series},
	Date-Added = {2018-11-19 16:54:23 -0800},
	Date-Modified = {2018-11-19 16:54:34 -0800},
	Doi = {10.1117/12.2309421},
	Eid = {1069846},
	Keywords = {Astrophysics - Instrumentation and Methods for Astrophysics},
	Month = Aug,
	Pages = {1069846},
	Primaryclass = {astro-ph.IM},
	Title = {{Optical design of PICO: a concept for a space mission to probe inflation and cosmic origins}},
	Url = {https://ui.adsabs.harvard.edu/#abs/2018SPIE10698E..46Y},
	Volume = {10698},
	Year = 2018,
	Bdsk-Url-1 = {https://doi.org/10.1117/12.2309421}}

@article{Padin2008,
	Adsnote = {Provided by the SAO/NASA Astrophysics Data System},
	Author = {{Padin}, S. and {Staniszewski}, Z. and {Keisler}, R. and {Joy}, M. and {Stark}, A.~A. and {Ade}, P.~A.~R. and {Aird}, K.~A. and {Benson}, B.~A. and {Bleem}, L.~E. and {Carlstrom}, J.~E. and {Chang}, C.~L. and {Crawford}, T.~M. and {Crites}, A.~T. and {Dobbs}, M.~A. and {Halverson}, N.~W. and {Heimsath}, S. and {Hills}, R.~E. and {Holzapfel}, W.~L. and {Lawrie}, C. and {Lee}, A.~T. and {Leitch}, E.~M. and {Leong}, J. and {Lu}, W. and {Lueker}, M. and {McMahon}, J.~J. and {Meyer}, S.~S. and {Mohr}, J.~J. and {Montroy}, T.~E. and {Plagge}, T. and {Pryke}, C. and {Ruhl}, J.~E. and {Schaffer}, K.~K. and {Shirokoff}, E. and {Spieler}, H.~G. and {Vieira}, J.~D.},
	Date-Added = {2018-11-19 14:55:08 -0800},
	Date-Modified = {2018-11-19 14:55:18 -0800},
	Doi = {10.1364/AO.47.004418},
	Journal = {\ao},
	Month = Aug,
	Pages = {4418-4428},
	Title = {{South Pole Telescope optics}},
	Url = {https://ui.adsabs.harvard.edu/#abs/2008ApOpt..47.4418P},
	Volume = {47},
	Year = 2008,
	Bdsk-Url-1 = {https://doi.org/10.1364/AO.47.004418}}

@article{Swetz2011,
	Adsnote = {Provided by the SAO/NASA Astrophysics Data System},
	Archiveprefix = {arXiv},
	Author = {{Swetz}, D.~S. and {Ade}, P.~A.~R. and {Amiri}, M. and {Appel}, J.~W. and {Battistelli}, E.~S. and {Burger}, B. and {Chervenak}, J. and {Devlin}, M.~J. and {Dicker}, S.~R. and {Doriese}, W.~B. and {D{\"u}nner}, R. and {Essinger-Hileman}, T. and {Fisher}, R.~P. and {Fowler}, J.~W. and {Halpern}, M. and {Hasselfield}, M. and {Hilton}, G.~C. and {Hincks}, A.~D. and {Irwin}, K.~D. and {Jarosik}, N. and {Kaul}, M. and {Klein}, J. and {Lau}, J.~M. and {Limon}, M. and {Marriage}, T.~A. and {Marsden}, D. and {Martocci}, K. and {Mauskopf}, P. and {Moseley}, H. and {Netterfield}, C.~B. and {Niemack}, M.~D. and {Nolta}, M.~R. and {Page}, L.~A. and {Parker}, L. and {Staggs}, S.~T. and {Stryzak}, O. and {Switzer}, E.~R. and {Thornton}, R. and {Tucker}, C. and {Wollack}, E. and {Zhao}, Y.},
	Date-Added = {2018-11-19 14:54:06 -0800},
	Date-Modified = {2018-11-19 14:54:15 -0800},
	Doi = {10.1088/0067-0049/194/2/41},
	Eid = {41},
	Eprint = {1007.0290},
	Journal = {The Astrophysical Journal Supplement Series},
	Keywords = {cosmic background radiation, cosmology: observations, instrumentation: detectors, instrumentation: miscellaneous, telescopes, Astrophysics - Instrumentation and Methods for Astrophysics, Astrophysics - Cosmology and Extragalactic Astrophysics},
	Month = Jun,
	Pages = {41},
	Primaryclass = {astro-ph.IM},
	Title = {{Overview of the Atacama Cosmology Telescope: Receiver, Instrumentation, and Telescope Systems}},
	Url = {https://ui.adsabs.harvard.edu/#abs/2011ApJS..194...41S},
	Volume = {194},
	Year = 2011,
	Bdsk-Url-1 = {https://doi.org/10.1088/0067-0049/194/2/41}}

@inproceedings{Fargant2000,
	Adsnote = {Provided by the SAO/NASA Astrophysics Data System},
	Author = {{Fargant}, Guy and {Dubruel}, Denis and {Cornut}, Myriam and {Riti}, Jean-Bernard and {Passvogel}, Thomas and {De Maagt}, Peter J. and {Anderegg}, Michel and {Tauber}, Jan},
	Booktitle = {UV, Optical, and IR Space Telescopes and Instruments},
	Date-Added = {2018-11-19 14:52:50 -0800},
	Date-Modified = {2018-11-19 14:53:07 -0800},
	Doi = {10.1117/12.394000},
	Editor = {{Breckinridge}, James B. and {Jakobsen}, Peter},
	Month = Jul,
	Pages = {69-79},
	Series = {Society of Photo-Optical Instrumentation Engineers (SPIE) Conference Series},
	Title = {{Very wide band telescope for Planck using optical and radio frequency techniques}},
	Url = {https://ui.adsabs.harvard.edu/#abs/2000SPIE.4013...69F},
	Volume = {4013},
	Year = 2000,
	Bdsk-Url-1 = {https://doi.org/10.1117/12.394000}}

@article{Dragone1983b,
	Adsnote = {Provided by the SAO/NASA Astrophysics Data System},
	Author = {{Dragone}, C.},
	Date-Added = {2018-11-19 14:50:31 -0800},
	Date-Modified = {2018-11-19 14:50:39 -0800},
	Journal = {Electronics Letters},
	Keywords = {Antenna Design, Field Of View, Multibeam Antennas, Two Reflector Antennas, Aberration, Antenna Feeds, Astigmatism, Optimization, Subreflectors, Surface Geometry, Communications and Radar},
	Month = Dec,
	Pages = {1061},
	Title = {{Unique reflector arrangement within very wide field of view for multibeam antennas}},
	Url = {https://ui.adsabs.harvard.edu/#abs/1983ElL....19.1061D},
	Volume = {19},
	Year = 1983,
	Bdsk-Url-1 = {https://ui.adsabs.harvard.edu/#abs/1983ElL....19.1061D}}

@article{Dragone1983a,
	Adsnote = {Provided by the SAO/NASA Astrophysics Data System},
	Author = {{Dragone}, C.},
	Date-Added = {2018-11-19 14:49:45 -0800},
	Date-Modified = {2018-11-19 14:50:02 -0800},
	Doi = {10.1109/TAP.1982.1142793},
	Journal = {IEEE Transactions on Antennas and Propagation},
	Keywords = {Aberration, Antenna Design, Astigmatism, Cassegrain Antennas, Gregorian Antennas, Microwave Antennas, Antenna Radiation Patterns, Communication Satellites, Ground State, Optimization, Reflectors, Transmission Efficiency, Communications and Radar},
	Month = May,
	Pages = {331-339},
	Title = {{A first-order treatment of aberrations in Cassegrainian and Gregorian antennas}},
	Url = {https://ui.adsabs.harvard.edu/#abs/1982ITAP...30..331D},
	Volume = {30},
	Year = 1982,
	Bdsk-Url-1 = {https://doi.org/10.1109/TAP.1982.1142793}}

@article{Dragone1978,
	Adsnote = {Provided by the SAO/NASA Astrophysics Data System},
	Author = {{Dragone}, C.},
	Date-Added = {2018-11-19 14:48:52 -0800},
	Date-Modified = {2018-11-19 14:57:52 -0800},
	Journal = {AT\&T Technical Journal},
	Keywords = {Antenna Design, Antenna Radiation Patterns, Cross Polarization, Ray Tracing, Reflectors, Spherical Waves, Focusing, Plane Waves, Surface Geometry, Symmetry, Transformations (Mathematics), Communications and Radar},
	Month = Sep,
	Pages = {2663-2684},
	Title = {{Offset multireflector antennas with perfect pattern symmetry and polarization discrimination}},
	Url = {https://ui.adsabs.harvard.edu/#abs/1978ATTTJ..57.2663D},
	Volume = {57},
	Year = 1978,
	Bdsk-Url-1 = {https://ui.adsabs.harvard.edu/#abs/1978ATTTJ..57.2663D}}

@inproceedings{McCarrick2016,
	Adsnote = {Provided by the SAO/NASA Astrophysics Data System},
	Author = {{McCarrick}, Heather and {Abitbol}, Maximilian H. and {Ade}, Peter A.~R. and {Barry}, Peter and {Bryan}, Sean and {Che}, George and {Day}, Peter and {Doyle}, Simon and {Flanigan}, Daniel and {Johnson}, Bradley R. and {Jones}, Glenn and {LeDuc}, Henry G. and {Limon}, Michele and {Mauskopf}, Philip and {Miller}, Amber and {Tucker}, Carole and {Zmuidzinas}, Jonas},
	Booktitle = {Millimeter, Submillimeter, and Far-Infrared Detectors and Instrumentation for Astronomy VIII},
	Date-Added = {2018-11-19 14:32:14 -0800},
	Date-Modified = {2018-11-19 14:39:16 -0800},
	Doi = {10.1117/12.2231830},
	Eid = {99140O},
	Keywords = {Astrophysics - Instrumentation and Methods for Astrophysics},
	Month = Jul,
	Pages = {99140O},
	Primaryclass = {astro-ph.IM},
	Title = {{Development of dual-polarization LEKIDs for CMB observations}},
	Url = {https://ui.adsabs.harvard.edu/#abs/2016SPIE.9914E..0OM},
	Volume = {9914},
	Year = 2016,
	Bdsk-Url-1 = {https://doi.org/10.1117/12.2231830}}

@ARTICLE{McCarrick2018,
   author = {{McCarrick}, H. and {Jones}, G. and {Johnson}, B.~R. and {Abitbol}, M.~H. and 
	{Ade}, P.~A.~R. and {Bryan}, S. and {Day}, P. and {Essinger-Hileman}, T. and 
	{Flanigan}, D. and {Leduc}, H.~G. and {Limon}, M. and {Mauskopf}, P. and 
	{Miller}, A. and {Tucker}, C.},
    title = "{Design and performance of dual-polarization lumped-element kinetic inductance detectors for millimeter-wave polarimetry}",
  journal = {\aap},
archivePrefix = "arXiv",
   eprint = {1710.02239},
 primaryClass = "astro-ph.IM",
 keywords = {instrumentation: detectors, instrumentation: polarimeters, cosmic background radiation},
     year = 2018,
    month = feb,
   volume = 610,
      eid = {A45},
    pages = {A45},
      doi = {10.1051/0004-6361/201732044},
   url = {http://adsabs.harvard.edu/abs/2018A%26A...610A..45M},
  adsnote = {Provided by the SAO/NASA Astrophysics Data System}
}

@ARTICLE{Johnson2018,
   author = {{Johnson}, B.~R. and {Flanigan}, D. and {Abitbol}, M.~H. and 
	{Ade}, P.~A.~R. and {Bryan}, S. and {Cho}, H.-M. and {Datta}, R. and 
	{Day}, P. and {Doyle}, S. and {Irwin}, K. and {Jones}, G. and 
	{Li}, D. and {Mauskopf}, P. and {McCarrick}, H. and {McMahon}, J. and 
	{Miller}, A. and {Pisano}, G. and {Song}, Y. and {Surdi}, H. and 
	{Tucker}, C.},
    title = "{Development of Multi-chroic MKIDs for Next-Generation CMB Polarization Studies}",
  journal = {Journal of Low Temperature Physics},
archivePrefix = "arXiv",
   eprint = {1711.02523},
 primaryClass = "astro-ph.IM",
 keywords = {MKIDs, Multi-chroic, CMB, Polarization},
     year = 2018,
    month = nov,
   volume = 193,
    pages = {103-112},
      doi = {10.1007/s10909-018-2032-y},
   url = {http://adsabs.harvard.edu/abs/2018JLTP..193..103J},
  adsnote = {Provided by the SAO/NASA Astrophysics Data System}
}


@inproceedings{Jasper2017,
	Author = {L. E. Z. Jasper and P. Xaypraseuth},
	Booktitle = {2017 IEEE Aerospace Conference},
	Date-Added = {2018-11-15 17:22:08 -0800},
	Date-Modified = {2018-11-15 17:22:26 -0800},
	Doi = {10.1109/AERO.2017.7943918},
	Keywords = {space communication links;synthetic aperture radar;NASA missions;data production;data return;space science missions;space program;data volumes;magnitude larger;Cassini mission;earth science mission;data storage technology;deep space missions;ground network availability;synthetic aperture radar;Space vehicles;Earth;Space missions;Production;Image coding;Telecommunications;Jupiter},
	Month = {March},
	Pages = {1-11},
	Title = {Data production on past and future NASA missions},
	Url = {https://doi.org/10.1109/AERO.2017.7943918},
	Year = {2017},
	Bdsk-Url-1 = {https://doi.org/10.1109/AERO.2017.7943918}}

@inproceedings{Benson2014,
	Adsnote = {Provided by the SAO/NASA Astrophysics Data System},
	Archiveprefix = {arXiv},
	Author = {{Benson}, B.~A. and {Ade}, P.~A.~R. and {Ahmed}, Z. and {Allen}, S.~W. and {Arnold}, K. and {Austermann}, J.~E. and {Bender}, A.~N. and {Bleem}, L.~E. and {Carlstrom}, J.~E. and {Chang}, C.~L. and {Cho}, H.~M. and {Cliche}, J.~F. and {Crawford}, T.~M. and {Cukierman}, A. and {de Haan}, T. and {Dobbs}, M.~A. and {Dutcher}, D. and {Everett}, W. and {Gilbert}, A. and {Halverson}, N.~W. and {Hanson}, D. and {Harrington}, N.~L. and {Hattori}, K. and {Henning}, J.~W. and {Hilton}, G.~C. and {Holder}, G.~P. and {Holzapfel}, W.~L. and {Irwin}, K.~D. and {Keisler}, R. and {Knox}, L. and {Kubik}, D. and {Kuo}, C.~L. and {Lee}, A.~T. and {Leitch}, E.~M. and {Li}, D. and {McDonald}, M. and {Meyer}, S.~S. and {Montgomery}, J. and {Myers}, M. and {Natoli}, T. and {Nguyen}, H. and {Novosad}, V. and {Padin}, S. and {Pan}, Z. and {Pearson}, J. and {Reichardt}, C. and {Ruhl}, J.~E. and {Saliwanchik}, B.~R. and {Simard}, G. and {Smecher}, G. and {Sayre}, J.~T. and {Shirokoff}, E. and {Stark}, A.~A. and {Story}, K. and {Suzuki}, A. and {Thompson}, K.~L. and {Tucker}, C. and {Vanderlinde}, K. and {Vieira}, J.~D. and {Vikhlinin}, A. and {Wang}, G. and {Yefremenko}, V. and {Yoon}, K.~W.},
	Booktitle = {Millimeter, Submillimeter, and Far-Infrared Detectors and Instrumentation for Astronomy VII},
	Date-Added = {2018-11-15 17:10:39 -0800},
	Date-Modified = {2018-11-15 17:11:55 -0800},
	Doi = {10.1117/12.2057305},
	Eid = {91531P},
	Eprint = {1407.2973},
	Month = jul,
	Pages = {91531P},
	Primaryclass = {astro-ph.IM},
	Series = {\procspie},
	Title = {{SPT-3G: a next-generation cosmic microwave background polarization experiment on the South Pole telescope}},
	Url = {http://adsabs.harvard.edu/abs/2014SPIE.9153E..1PB},
	Volume = 9153,
	Year = 2014,
	Bdsk-Url-1 = {https://doi.org/10.1117/12.2057305}}

@article{Abitbol2017,
	Adsnote = {Provided by the SAO/NASA Astrophysics Data System},
	Archiveprefix = {arXiv},
	Author = {{Abitbol}, M.~H. and {Ahmed}, Z. and {Barron}, D. and {Basu Thakur}, R. and {Bender}, A.~N. and {Benson}, B.~A. and {Bischoff}, C.~A. and {Bryan}, S.~A. and {Carlstrom}, J.~E. and {Chang}, C.~L. and {Chuss}, D.~T. and {Crowley}, K.~T. and {Cukierman}, A. and {de Haan}, T. and {Dobbs}, M. and {Essinger-Hileman}, T. and {Filippini}, J.~P. and {Ganga}, K. and {Gudmundsson}, J.~E. and {Halverson}, N.~W. and {Hanany}, S. and {Henderson}, S.~W. and {Hill}, C.~A. and {Ho}, S.-P.~P. and {Hubmayr}, J. and {Irwin}, K. and {Jeong}, O. and {Johnson}, B.~R. and {Kernasovskiy}, S.~A. and {Kovac}, J.~M. and {Kusaka}, A. and {Lee}, A.~T. and {Maria}, S. and {Mauskopf}, P. and {McMahon}, J.~J. and {Moncelsi}, L. and {Nadolski}, A.~W. and {Nagy}, J.~M. and {Niemack}, M.~D. and {O'Brient}, R.~C. and {Padin}, S. and {Parshley}, S.~C. and {Pryke}, C. and {Roe}, N.~A. and {Rostem}, K. and {Ruhl}, J. and {Simon}, S.~M. and {Staggs}, S.~T. and {Suzuki}, A. and {Switzer}, E.~R. and {Tajima}, O. and {Thompson}, K.~L. and {Timbie}, P. and {Tucker}, G.~S. and {Vieira}, J.~D. and {Vieregg}, A.~G. and {Westbrook}, B. and {Wollack}, E.~J. and {Yoon}, K.~W. and {Young}, K.~S. and {Young}, E.~Y.},
	Eprint = {1706.02464},
	Journal = {arXiv e-prints},
	Keywords = {Astrophysics - Instrumentation and Methods for Astrophysics},
	Month = jun,
	Primaryclass = {astro-ph.IM},
	Title = {{CMB-S4 Technology Book, First Edition}},
	Url = {http://adsabs.harvard.edu/abs/2017arXiv170602464A},
	Year = 2017,
	Bdsk-Url-1 = {http://adsabs.harvard.edu/abs/2017arXiv170602464A}}

@article{planck2015_17,
	Adsnote = {Provided by the SAO/NASA Astrophysics Data System},
	Archiveprefix = {arXiv},
	Author = {{Planck Collaboration} and {Ade}, P.~A.~R. and {Aghanim}, N. and {Arnaud}, M. and {Arroja}, F. and {Ashdown}, M. and {Aumont}, J. and {Baccigalupi}, C. and {Ballardini}, M. and {Banday}, A.~J. and {Barreiro}, R.~B. and {Bartolo}, N. and {Basak}, S. and {Battaner}, E. and {Benabed}, K. and {Beno{\^\i}t}, A. and {Benoit-L{\'e}vy}, A. and {Bernard}, J. -P. and {Bersanelli}, M. and {Bielewicz}, P. and {Bock}, J.~J. and {Bonaldi}, A. and {Bonavera}, L. and {Bond}, J.~R. and {Borrill}, J. and {Bouchet}, F.~R. and {Boulanger}, F. and {Bucher}, M. and {Burigana}, C. and {Butler}, R.~C. and {Calabrese}, E. and {Cardoso}, J. -F. and {Catalano}, A. and {Challinor}, A. and {Chamballu}, A. and {Chiang}, H.~C. and {Christensen}, P.~R. and {Church}, S. and {Clements}, D.~L. and {Colombi}, S. and {Colombo}, L.~P.~L. and {Combet}, C. and {Couchot}, F. and {Coulais}, A. and {Crill}, B.~P. and {Curto}, A. and {Cuttaia}, F. and {Danese}, L. and {Davies}, R.~D. and {Davis}, R.~J. and {de Bernardis}, P. and {de Rosa}, A. and {de Zotti}, G. and {Delabrouille}, J. and {D{\'e}sert}, F. -X. and {Diego}, J.~M. and {Dole}, H. and {Donzelli}, S. and {Dor{\'e}}, O. and {Douspis}, M. and {Ducout}, A. and {Dupac}, X. and {Efstathiou}, G. and {Elsner}, F. and {En{\ss}lin}, T.~A. and {Eriksen}, H.~K. and {Fergusson}, J. and {Finelli}, F. and {Forni}, O. and {Frailis}, M. and {Fraisse}, A.~A. and {Franceschi}, E. and {Frejsel}, A. and {Galeotta}, S. and {Galli}, S. and {Ganga}, K. and {Gauthier}, C. and {Ghosh}, T. and {Giard}, M. and {Giraud-H{\'e}raud}, Y. and {Gjerl{\o}w}, E. and {Gonz{\'a}lez- Nuevo}, J. and {G{\'o}rski}, K.~M. and {Gratton}, S. and {Gregorio}, A. and {Gruppuso}, A. and {Gudmundsson}, J.~E. and {Hamann}, J. and {Hansen}, F.~K. and {Hanson}, D. and {Harrison}, D.~L. and {Heavens}, A. and {Helou}, G. and {Henrot- Versill{\'e}}, S. and {Hern{\'a}ndez-Monteagudo}, C. and {Herranz}, D. and {Hildebrandt}, S.~R. and {Hivon}, E. and {Hobson}, M. and {Holmes}, W.~A. and {Hornstrup}, A. and {Hovest}, W. and {Huang}, Z. and {Huffenberger}, K.~M. and {Hurier}, G. and {Jaffe}, A.~H. and {Jaffe}, T.~R. and {Jones}, W.~C. and {Juvela}, M. and {Keih{\"a}nen}, E. and {Keskitalo}, R. and {Kim}, J. and {Kisner}, T.~S. and {Knoche}, J. and {Kunz}, M. and {Kurki-Suonio}, H. and {Lacasa}, F. and {Lagache}, G. and {L{\"a}hteenm{\"a}ki}, A. and {Lamarre}, J. -M. and {Lasenby}, A. and {Lattanzi}, M. and {Lawrence}, C.~R. and {Leonardi}, R. and {Lesgourgues}, J. and {Levrier}, F. and {Lewis}, A. and {Liguori}, M. and {Lilje}, P.~B. and {Linden-V{\o}rnle}, M. and {L{\'o}pez-Caniego}, M. and {Lubin}, P.~M. and {Mac{\'\i}as-P{\'e}rez}, J.~F. and {Maggio}, G. and {Maino}, D. and {Mandolesi}, N. and {Mangilli}, A. and {Marinucci}, D. and {Maris}, M. and {Martin}, P.~G. and {Mart{\'\i}nez-Gonz{\'a}lez}, E. and {Masi}, S. and {Matarrese}, S. and {McGehee}, P. and {Meinhold}, P.~R. and {Melchiorri}, A. and {Mendes}, L. and {Mennella}, A. and {Migliaccio}, M. and {Mitra}, S. and {Miville-Desch{\^e}nes}, M. -A. and {Moneti}, A. and {Montier}, L. and {Morgante}, G. and {Mortlock}, D. and {Moss}, A. and {M{\"u}nchmeyer}, M. and {Munshi}, D. and {Murphy}, J.~A. and {Naselsky}, P. and {Nati}, F. and {Natoli}, P. and {Netterfield}, C.~B. and {N{\o}rgaard-Nielsen}, H.~U. and {Noviello}, F. and {Novikov}, D. and {Novikov}, I. and {Oxborrow}, C.~A. and {Paci}, F. and {Pagano}, L. and {Pajot}, F. and {Paoletti}, D. and {Pasian}, F. and {Patanchon}, G. and {Peiris}, H.~V. and {Perdereau}, O. and {Perotto}, L. and {Perrotta}, F. and {Pettorino}, V. and {Piacentini}, F. and {Piat}, M. and {Pierpaoli}, E. and {Pietrobon}, D. and {Plaszczynski}, S. and {Pointecouteau}, E. and {Polenta}, G. and {Popa}, L. and {Pratt}, G.~W. and {Pr{\'e}zeau}, G. and {Prunet}, S. and {Puget}, J. -L. and {Rachen}, J.~P. and {Racine}, B. and {Rebolo}, R. and {Reinecke}, M. and {Remazeilles}, M. and {Renault}, C. and {Renzi}, A. and {Ristorcelli}, I. and {Rocha}, G. and {Rosset}, C. and {Rossetti}, M. and {Roudier}, G. and {Rubi{\~n}o-Mart{\'\i}n}, J.~A. and {Rusholme}, B. and {Sandri}, M. and {Santos}, D. and {Savelainen}, M. and {Savini}, G. and {Scott}, D. and {Seiffert}, M.~D. and {Shellard}, E.~P.~S. and {Shiraishi}, M. and {Smith}, K. and {Spencer}, L.~D. and {Stolyarov}, V. and {Stompor}, R. and {Sudiwala}, R. and {Sunyaev}, R. and {Sutter}, P. and {Sutton}, D. and {Suur-Uski}, A. -S. and {Sygnet}, J. -F. and {Tauber}, J.~A. and {Terenzi}, L. and {Toffolatti}, L. and {Tomasi}, M. and {Tristram}, M. and {Troja}, A. and {Tucci}, M. and {Tuovinen}, J. and {Valenziano}, L. and {Valiviita}, J. and {Van Tent}, B. and {Vielva}, P. and {Villa}, F. and {Wade}, L.~A. and {Wandelt}, B.~D. and {Wehus}, I.~K. and {Yvon}, D. and {Zacchei}, A. and {Zonca}, A.},
	Doi = {10.1051/0004-6361/201525836},
	Eid = {A17},
	Eprint = {1502.01592},
	Journal = {\aap},
	Keywords = {cosmic background radiation, cosmology: observations, cosmology: theory, early Universe, inflation, methods: data analysis, Astrophysics - Cosmology and Nongalactic Astrophysics},
	Month = Sep,
	Pages = {A17},
	Primaryclass = {astro-ph.CO},
	Title = {{Planck 2015 results. XVII. Constraints on primordial non-Gaussianity}},
	Url = {https://ui.adsabs.harvard.edu/\#abs/2016A&A...594A..17P},
	Volume = {594},
	Year = 2016,
	Bdsk-Url-1 = {https://ui.adsabs.harvard.edu/%5C#abs/2016A&A...594A..17P},
	Bdsk-Url-2 = {https://doi.org/10.1051/0004-6361/201525836}}

@article{LSSTSciBook,
	Adsnote = {Provided by the SAO/NASA Astrophysics Data System},
	Archiveprefix = {arXiv},
	Author = {{LSST Science Collaboration} and {Abell}, P.~A. and {Allison}, J. and {Anderson}, S.~F. and {Andrew}, J.~R. and {Angel}, J.~R.~P. and {Armus}, L. and {Arnett}, D. and {Asztalos}, S.~J. and {Axelrod}, T.~S. and et al.},
	Eprint = {0912.0201},
	Journal = {arXiv e-prints},
	Keywords = {Astrophysics - Instrumentation and Methods for Astrophysics, Astrophysics - Cosmology and Extragalactic Astrophysics, Astrophysics - Earth and Planetary Astrophysics, Astrophysics - Galaxy Astrophysics, Astrophysics - Solar and Stellar Astrophysics},
	Month = dec,
	Primaryclass = {astro-ph.IM},
	Title = {{LSST Science Book, Version 2.0}},
	Url = {http://adsabs.harvard.edu/abs/2009arXiv0912.0201L},
	Year = 2009,
	Bdsk-Url-1 = {http://adsabs.harvard.edu/abs/2009arXiv0912.0201L}}

@article{2018arXiv180902120Y,
	Adsnote = {Provided by the SAO/NASA Astrophysics Data System},
	Archiveprefix = {arXiv},
	Author = {{Yu}, B. and {Knight}, R.~Z and {Sherwin}, B.~D. and {Ferraro}, S. and {Knox}, L. and {Schmittfull}, M.},
	Eprint = {1809.02120},
	Journal = {arXiv e-prints},
	Keywords = {Astrophysics - Cosmology and Nongalactic Astrophysics},
	Month = sep,
	Title = {{Towards Neutrino Mass from Cosmology without Optical Depth Information}},
	Url = {http://adsabs.harvard.edu/abs/2018arXiv180902120Y},
	Year = 2018,
	Bdsk-Url-1 = {http://adsabs.harvard.edu/abs/2018arXiv180902120Y}}

@inproceedings{dropouts,
	Adsnote = {Provided by the SAO/NASA Astrophysics Data System},
	Archiveprefix = {arXiv},
	Author = {{Dunlop}, J.~S.},
	Booktitle = {The First Galaxies},
	Doi = {10.1007/978-3-642-32362-1_5},
	Editor = {{Wiklind}, T. and {Mobasher}, B. and {Bromm}, V.},
	Eprint = {1205.1543},
	Keywords = {Physics},
	Pages = {223},
	Series = {Astrophysics and Space Science Library},
	Title = {{Observing the First Galaxies}},
	Url = {http://adsabs.harvard.edu/abs/2013ASSL..396..223D},
	Volume = 396,
	Year = 2013,
	Bdsk-Url-1 = {http://adsabs.harvard.edu/abs/2013ASSL..396..223D},
	Bdsk-Url-2 = {https://doi.org/10.1007/978-3-642-32362-1_5}}

@article{HSC1,
	Adsnote = {Provided by the SAO/NASA Astrophysics Data System},
	Archiveprefix = {arXiv},
	Author = {{Ono}, Y. and {Ouchi}, M. and {Harikane}, Y. and {Toshikawa}, J. and {Rauch}, M. and {Yuma}, S. and {Sawicki}, M. and {Shibuya}, T. and {Shimasaku}, K. and {Oguri}, M. and {Willott}, C. and {Akhlaghi}, M. and {Akiyama}, M. and {Coupon}, J. and {Kashikawa}, N. and {Komiyama}, Y. and {Konno}, A. and {Lin}, L. and {Matsuoka}, Y. and {Miyazaki}, S. and {Nagao}, T. and {Nakajima}, K. and {Silverman}, J. and {Tanaka}, M. and {Taniguchi}, Y. and {Wang}, S.-Y.},
	Doi = {10.1093/pasj/psx103},
	Eid = {S10},
	Eprint = {1704.06004},
	Journal = {\pasj},
	Keywords = {galaxies: evolution, galaxies: formation, galaxies: high-redshift},
	Month = jan,
	Pages = {S10},
	Title = {{Great Optically Luminous Dropout Research Using Subaru HSC (GOLDRUSH). I. UV luminosity functions at z ~ 4-7 derived with the half-million dropouts on the 100 deg$^{2}$ sky}},
	Url = {http://adsabs.harvard.edu/abs/2018PASJ...70S..10O},
	Volume = 70,
	Year = 2018,
	Bdsk-Url-1 = {http://adsabs.harvard.edu/abs/2018PASJ...70S..10O},
	Bdsk-Url-2 = {https://doi.org/10.1093/pasj/psx103}}

@article{HSC2,
	Adsnote = {Provided by the SAO/NASA Astrophysics Data System},
	Archiveprefix = {arXiv},
	Author = {{Harikane}, Y. and {Ouchi}, M. and {Ono}, Y. and {Saito}, S. and {Behroozi}, P. and {More}, S. and {Shimasaku}, K. and {Toshikawa}, J. and {Lin}, Y.-T. and {Akiyama}, M. and {Coupon}, J. and {Komiyama}, Y. and {Konno}, A. and {Lin}, S.-C. and {Miyazaki}, S. and {Nishizawa}, A.~J. and {Shibuya}, T. and {Silverman}, J.},
	Doi = {10.1093/pasj/psx097},
	Eid = {S11},
	Eprint = {1704.06535},
	Journal = {\pasj},
	Keywords = {galaxies: evolution, galaxies: formation, galaxies: high-redshift},
	Month = jan,
	Pages = {S11},
	Title = {{GOLDRUSH. II. Clustering of galaxies at z ~ 4-6 revealed with the half-million dropouts over the 100 deg$^{2}$ area corresponding to 1 Gpc$^{3}$}},
	Url = {http://adsabs.harvard.edu/abs/2018PASJ...70S..11H},
	Volume = 70,
	Year = 2018,
	Bdsk-Url-1 = {http://adsabs.harvard.edu/abs/2018PASJ...70S..11H},
	Bdsk-Url-2 = {https://doi.org/10.1093/pasj/psx097}}
	
@ARTICLE{Griffiths2014,
   author = {{Griffiths}, L.~M. and {Lineweaver}, C.~H.},
    title = "{Testing the Cosmic Microwave Background Data for Systematic Effects}",
  journal = {\apj},
   eprint = {astro-ph/0311373},
 keywords = {Cosmology: Cosmic Microwave Background, Cosmology: Observations, Methods: Data Analysis},
     year = 2004,
    month = mar,
   volume = 603,
    pages = {371-382},
      doi = {10.1086/381493},
   url = {http://adsabs.harvard.edu/abs/2004ApJ...603..371G},
  adsnote = {Provided by the SAO/NASA Astrophysics Data System}
}

@ARTICLE{LFI_systematics,
   author = {{Planck Collaboration} and {Ade}, P.~A.~R. and {Aumont}, J. and 
	{Baccigalupi}, C. and {Banday}, A.~J. and {Barreiro}, R.~B. and 
	{Bartolo}, N. and {Basak}, S. and {Battaglia}, P. and {Battaner}, E. and 
	{Benabed}, K. and {Benoit-L{\'e}vy}, A. and {Bernard}, J.-P. and 
	{Bersanelli}, M. and {Bielewicz}, P. and {Bonaldi}, A. and {Bonavera}, L. and 
	{Bond}, J.~R. and {Borrill}, J. and {Burigana}, C. and {Butler}, R.~C. and 
	{Calabrese}, E. and {Catalano}, A. and {Christensen}, P.~R. and 
	{Colombo}, L.~P.~L. and {Cruz}, M. and {Curto}, A. and {Cuttaia}, F. and 
	{Danese}, L. and {Davies}, R.~D. and {Davis}, R.~J. and {de Bernardis}, P. and 
	{de Rosa}, A. and {de Zotti}, G. and {Delabrouille}, J. and 
	{Dickinson}, C. and {Diego}, J.~M. and {Dor{\'e}}, O. and {Ducout}, A. and 
	{Dupac}, X. and {Elsner}, F. and {En{\ss}lin}, T.~A. and {Eriksen}, H.~K. and 
	{Finelli}, F. and {Frailis}, M. and {Franceschet}, C. and {Franceschi}, E. and 
	{Galeotta}, S. and {Galli}, S. and {Ganga}, K. and {Ghosh}, T. and 
	{Giard}, M. and {Giraud-H{\'e}raud}, Y. and {Gjerl{\o}w}, E. and 
	{Gonz{\'a}lez-Nuevo}, J. and {G{\'o}rski}, K.~M. and {Gregorio}, A. and 
	{Gruppuso}, A. and {Hansen}, F.~K. and {Harrison}, D.~L. and 
	{Hern{\'a}ndez-Monteagudo}, C. and {Herranz}, D. and {Hildebrandt}, S.~R. and 
	{Hivon}, E. and {Hobson}, M. and {Hornstrup}, A. and {Hovest}, W. and 
	{Huffenberger}, K.~M. and {Hurier}, G. and {Jaffe}, A.~H. and 
	{Jaffe}, T.~R. and {Keih{\"a}nen}, E. and {Keskitalo}, R. and 
	{Kiiveri}, K. and {Kisner}, T.~S. and {Knoche}, J. and {Krachmalnicoff}, N. and 
	{Kunz}, M. and {Kurki-Suonio}, H. and {Lagache}, G. and {Lamarre}, J.-M. and 
	{Lasenby}, A. and {Lattanzi}, M. and {Lawrence}, C.~R. and {Leahy}, J.~P. and 
	{Leonardi}, R. and {Levrier}, F. and {Liguori}, M. and {Lilje}, P.~B. and 
	{Linden-V{\o}rnle}, M. and {Lindholm}, V. and {L{\'o}pez-Caniego}, M. and 
	{Lubin}, P.~M. and {Mac{\'{\i}}as-P{\'e}rez}, J.~F. and {Maffei}, B. and 
	{Maggio}, G. and {Maino}, D. and {Mandolesi}, N. and {Mangilli}, A. and 
	{Maris}, M. and {Martin}, P.~G. and {Mart{\'{\i}}nez-Gonz{\'a}lez}, E. and 
	{Masi}, S. and {Matarrese}, S. and {Meinhold}, P.~R. and {Mennella}, A. and 
	{Migliaccio}, M. and {Mitra}, S. and {Montier}, L. and {Morgante}, G. and 
	{Mortlock}, D. and {Munshi}, D. and {Murphy}, J.~A. and {Nati}, F. and 
	{Natoli}, P. and {Noviello}, F. and {Paci}, F. and {Pagano}, L. and 
	{Pajot}, F. and {Paoletti}, D. and {Partridge}, B. and {Pasian}, F. and 
	{Pearson}, T.~J. and {Perdereau}, O. and {Pettorino}, V. and 
	{Piacentini}, F. and {Pointecouteau}, E. and {Polenta}, G. and 
	{Pratt}, G.~W. and {Puget}, J.-L. and {Rachen}, J.~P. and {Reinecke}, M. and 
	{Remazeilles}, M. and {Renzi}, A. and {Ristorcelli}, I. and 
	{Rocha}, G. and {Rosset}, C. and {Rossetti}, M. and {Roudier}, G. and 
	{Rubi{\~n}o-Mart{\'{\i}}n}, J.~A. and {Rusholme}, B. and {Sandri}, M. and 
	{Santos}, D. and {Savelainen}, M. and {Scott}, D. and {Stolyarov}, V. and 
	{Stompor}, R. and {Suur-Uski}, A.-S. and {Sygnet}, J.-F. and 
	{Tauber}, J.~A. and {Tavagnacco}, D. and {Terenzi}, L. and {Toffolatti}, L. and 
	{Tomasi}, M. and {Tristram}, M. and {Tucci}, M. and {Umana}, G. and 
	{Valenziano}, L. and {Valiviita}, J. and {Van Tent}, B. and 
	{Vassallo}, T. and {Vielva}, P. and {Villa}, F. and {Wade}, L.~A. and 
	{Wandelt}, B.~D. and {Watson}, R. and {Wehus}, I.~K. and {Yvon}, D. and 
	{Zacchei}, A. and {Zibin}, J.~P. and {Zonca}, A.},
    title = "{Planck 2015 results. III. LFI systematic uncertainties}",
  journal = {\aap},
archivePrefix = "arXiv",
   eprint = {1507.08853},
 keywords = {cosmic background radiation, cosmology: observations, space vehicles: instruments, methods: data analysis},
     year = 2016,
    month = sep,
   volume = 594,
      eid = {A3},
    pages = {A3},
      doi = {10.1051/0004-6361/201526998},
   url = {http://adsabs.harvard.edu/abs/2016A%26A...594A...3P},
  adsnote = {Provided by the SAO/NASA Astrophysics Data System}
}

@INPROCEEDINGS{Kaplan2002,
   author = {{Kaplan}, J. and {Delabrouille}, J.},
    title = "{Some sources of systematic errors on CMB polarized measurements with bolometers}",
 keywords = {Background radiations, Radiation mechanisms, polarization, Photoconductors and bolometers, Radio microwave},
booktitle = {Astrophysical Polarized Backgrounds},
     year = 2002,
   series = {American Institute of Physics Conference Series},
   volume = 609,
   eprint = {astro-ph/0112488},
   editor = {{Cecchini}, S. and {Cortiglioni}, S. and {Sault}, R. and {Sbarra}, C.
	},
    month = mar,
    pages = {209-214},
      doi = {10.1063/1.1471849},
   url = {http://adsabs.harvard.edu/abs/2002AIPC..609..209K},
  adsnote = {Provided by the SAO/NASA Astrophysics Data System}
}

@ARTICLE{Miller2009,
   author = {{Miller}, N.~J. and {Shimon}, M. and {Keating}, B.~G.},
    title = "{CMB polarization systematics due to beam asymmetry: Impact on cosmological birefringence}",
  journal = {\prd},
archivePrefix = "arXiv",
   eprint = {0903.1116},
 primaryClass = "astro-ph.CO",
 keywords = {Background radiations},
     year = 2009,
    month = may,
   volume = 79,
   number = 10,
      eid = {103002},
    pages = {103002},
      doi = {10.1103/PhysRevD.79.103002},
   url = {http://adsabs.harvard.edu/abs/2009PhRvD..79j3002M},
  adsnote = {Provided by the SAO/NASA Astrophysics Data System}
}

@ARTICLE{Pagano2009,
   author = {{Pagano}, L. and {de Bernardis}, P. and {de Troia}, G. and {Gubitosi}, G. and 
	{Masi}, S. and {Melchiorri}, A. and {Natoli}, P. and {Piacentini}, F. and 
	{Polenta}, G.},
    title = "{CMB polarization systematics, cosmological birefringence, and the gravitational waves background}",
  journal = {\prd},
archivePrefix = "arXiv",
   eprint = {0905.1651},
 primaryClass = "astro-ph.CO",
 keywords = {Particle-theory and field-theory models of the early Universe},
     year = 2009,
    month = aug,
   volume = 80,
   number = 4,
      eid = {043522},
    pages = {043522},
      doi = {10.1103/PhysRevD.80.043522},
   url = {http://adsabs.harvard.edu/abs/2009PhRvD..80d3522P},
  adsnote = {Provided by the SAO/NASA Astrophysics Data System}
}

@ARTICLE{Draine2009,
   author = {{Draine}, B.~T. and {Fraisse}, A.~A.},
    title = "{Polarized Far-Infrared and Submillimeter Emission from Interstellar Dust}",
  journal = {\apj},
archivePrefix = "arXiv",
   eprint = {0809.2094},
 keywords = {dust, extinction, infrared: ISM, radiation mechanisms: thermal},
     year = 2009,
    month = may,
   volume = 696,
    pages = {1-11},
      doi = {10.1088/0004-637X/696/1/1},
   url = {http://adsabs.harvard.edu/abs/2009ApJ...696....1D},
  adsnote = {Provided by the SAO/NASA Astrophysics Data System}
}
