@ARTICLE{Hoang_2017,
   author = {{Thuong Hoang}, D. and {Patanchon}, G. and {Bucher}, M. and 
	{Matsumura}, T. and {Banerji}, R. and {Ishino}, H. and {Hazumi}, M. and 
	{Delabrouille}, J.},
    title = "{Bandpass mismatch error for satellite CMB experiments I: estimating the spurious signal}",
  journal = {\jcap},
archivePrefix = "arXiv",
   eprint = {1706.09486},
     year = 2017,
    month = dec,
   volume = 12,
      eid = {015},
    pages = {015},
      doi = {10.1088/1475-7516/2017/12/015},
   adsurl = {http://adsabs.harvard.edu/abs/2017JCAP...12..015T},
  adsnote = {Provided by the SAO/NASA Astrophysics Data System}
}

@ARTICLE{Pajot_2010,
   author = {{Pajot}, F. and {Ade}, P.~A.~R. and {Beney}, J.-L. and {Br{\'e}elle}, E. and 
	{Broszkiewicz}, D. and {Camus}, P. and {Carab{\'e}tian}, C. and 
	{Catalano}, A. and {Chardin}, A. and {Charra}, M. and {Charra}, J. and 
	{Cizeron}, R. and {Couchot}, F. and {Coulais}, A. and {Crill}, B.~P. and 
	{Dassas}, K. and {Daubin}, J. and {de Bernardis}, P. and {de Marcillac}, P. and 
	{Delouis}, J.-M. and {D{\'e}sert}, F.-X. and {Duret}, P. and 
	{Eng}, P. and {Evesque}, C. and {Fourmond}, J.-J. and {Fran{\c c}ois}, S. and 
	{Giard}, M. and {Giraud-H{\'e}raud}, Y. and {Guglielmi}, L. and 
	{Guyot}, G. and {Haissinski}, J. and {Henrot-Versill{\'e}}, S. and 
	{Hervier}, V. and {Holmes}, W. and {Jones}, W.~C. and {Lamarre}, J.-M. and 
	{Lami}, P. and {Lange}, A.~E. and {Lefebvre}, M. and {Leriche}, B. and 
	{Leroy}, C. and {Macias-Perez}, J. and {Maciaszek}, T. and {Maffei}, B. and 
	{Mahendran}, A. and {Mansoux}, B. and {Marty}, C. and {Masi}, S. and 
	{Mercier}, C. and {Miville-Deschenes}, M.-A. and {Montier}, L. and 
	{Nicolas}, C. and {Noviello}, F. and {Perdereau}, O. and {Piacentini}, F. and 
	{Piat}, M. and {Plaszczynski}, S. and {Pointecouteau}, E. and 
	{Pons}, R. and {Ponthieu}, N. and {Puget}, J.-L. and {Rambaud}, D. and 
	{Renault}, C. and {Renault}, J.-C. and {Rioux}, C. and {Ristorcelli}, I. and 
	{Rosset}, C. and {Savini}, G. and {Sudiwala}, R. and {Torre}, J.-P. and 
	{Tristram}, M. and {Vall{\'e}e}, D. and {Veneziani}, M. and 
	{Yvon}, D.},
    title = "{Planck pre-launch status: HFI ground calibration}",
  journal = {\aap},
 keywords = {cosmic microwave background, space vehicles: instruments, submillimeter: general},
     year = 2010,
    month = sep,
   volume = 520,
      eid = {A10},
    pages = {A10},
      doi = {10.1051/0004-6361/200913203},
   adsurl = {http://adsabs.harvard.edu/abs/2010A%26A...520A..10P},
  adsnote = {Provided by the SAO/NASA Astrophysics Data System}
}



@ARTICLE{CORE_systematics,
   author = {{Natoli}, P. and {Ashdown}, M. and {Banerji}, R. and {Borrill}, J. and 
	{Buzzelli}, A. and {de Gasperis}, G. and {Delabrouille}, J. and 
	{Hivon}, E. and {Molinari}, D. and {Patanchon}, G. and {Polastri}, L. and 
	{Tomasi}, M. and {Bouchet}, F.~R. and {Henrot-Versill{\'e}}, S. and 
	{Hoang}, D.~T. and {Keskitalo}, R. and {Kiiveri}, K. and {Kisner}, T. and 
	{Lindholm}, V. and {McCarthy}, D. and {Piacentini}, F. and {Perdereau}, O. and 
	{Polenta}, G. and {Tristram}, M. and {Achucarro}, A. and {Ade}, P. and 
	{Allison}, R. and {Baccigalupi}, C. and {Ballardini}, M. and 
	{Banday}, A.~J. and {Bartlett}, J. and {Bartolo}, N. and {Basak}, S. and 
	{Baselmans}, J. and {Baumann}, D. and {Bersanelli}, M. and {Bonaldi}, A. and 
	{Bonato}, M. and {Boulanger}, F. and {Brinckmann}, T. and {Bucher}, M. and 
	{Burigana}, C. and {Cai}, Z.-Y. and {Calvo}, M. and {Carvalho}, C.-S. and 
	{Castellano}, G. and {Challinor}, A. and {Chluba}, J. and {Clesse}, S. and 
	{Colantoni}, I. and {Coppolecchia}, A. and {Crook}, M. and {D'Alessandro}, G. and 
	{de Bernardis}, P. and {De Zotti}, G. and {Di Valentino}, E. and 
	{Diego}, J.-M. and {Errard}, J. and {Feeney}, S. and {Fernandez-Cobos}, R. and 
	{Finelli}, F. and {Forastieri}, F. and {Galli}, S. and {Genova-Santos}, R. and 
	{Gerbino}, M. and {Gonzalez-Nuevo}, J. and {Grandis}, S. and 
	{Greenslade}, J. and {Gruppuso}, A. and {Hagstotz}, S. and {Hanany}, S. and 
	{Handley}, W. and {Hernandez-Monteagudo}, C. and {Hervias-Caimapo}, C. and 
	{Hills}, M. and {Keih{\"a}nen}, E. and {Kitching}, T. and {Kunz}, M. and 
	{Kurki-Suonio}, H. and {Lamagna}, L. and {Lasenby}, A. and {Lattanzi}, M. and 
	{Lesgourgues}, J. and {Lewis}, A. and {Liguori}, M. and {L{\'o}pez-Caniego}, M. and 
	{Luzzi}, G. and {Maffei}, B. and {Mandolesi}, N. and {Martinez-Gonzalez}, E. and 
	{Martins}, C.~J.~A.~P. and {Masi}, S. and {Melchiorri}, A. and 
	{Melin}, J.-B. and {Migliaccio}, M. and {Monfardini}, A. and 
	{Negrello}, M. and {Notari}, A. and {Pagano}, L. and {Paiella}, A. and 
	{Paoletti}, D. and {Piat}, M. and {Pisano}, G. and {Pollo}, A. and 
	{Poulin}, V. and {Quartin}, M. and {Remazeilles}, M. and {Roman}, M. and 
	{Rossi}, G. and {Rubino-Martin}, J.-A. and {Salvati}, L. and 
	{Signorelli}, G. and {Tartari}, A. and {Tramonte}, D. and {Trappe}, N. and 
	{Trombetti}, T. and {Tucker}, C. and {Valiviita}, J. and {Van de Weijgaert}, R. and 
	{van Tent}, B. and {Vennin}, V. and {Vielva}, P. and {Vittorio}, N. and 
	{Wallis}, C. and {Young}, K. and {Zannoni}, M. and {for the CORE collaboration}
	},
    title = "{Exploring cosmic origins with CORE: mitigation of systematic effects}",
  journal = {ArXiv e-prints},
archivePrefix = "arXiv",
   eprint = {1707.04224},
 keywords = {Astrophysics - Cosmology and Nongalactic Astrophysics, Astrophysics - Instrumentation and Methods for Astrophysics},
     year = 2017,
    month = jul,
   adsurl = {http://adsabs.harvard.edu/abs/2017arXiv170704224N},
  adsnote = {Provided by the SAO/NASA Astrophysics Data System}
}



@ARTICLE{Planck_Lowell,
   author = {{Planck Collaboration} and {Aghanim}, N. and {Ashdown}, M. and 
	{Aumont}, J. and {Baccigalupi}, C. and {Ballardini}, M. and 
	{Banday}, A.~J. and {Barreiro}, R.~B. and {Bartolo}, N. and 
	{Basak}, S. and {Battye}, R. and {Benabed}, K. and {Bernard}, J.-P. and 
	{Bersanelli}, M. and {Bielewicz}, P. and {Bock}, J.~J. and {Bonaldi}, A. and 
	{Bonavera}, L. and {Bond}, J.~R. and {Borrill}, J. and {Bouchet}, F.~R. and 
	{Boulanger}, F. and {Bucher}, M. and {Burigana}, C. and {Butler}, R.~C. and 
	{Calabrese}, E. and {Cardoso}, J.-F. and {Carron}, J. and {Challinor}, A. and 
	{Chiang}, H.~C. and {Colombo}, L.~P.~L. and {Combet}, C. and 
	{Comis}, B. and {Coulais}, A. and {Crill}, B.~P. and {Curto}, A. and 
	{Cuttaia}, F. and {Davis}, R.~J. and {de Bernardis}, P. and 
	{de Rosa}, A. and {de Zotti}, G. and {Delabrouille}, J. and 
	{Delouis}, J.-M. and {Di Valentino}, E. and {Dickinson}, C. and 
	{Diego}, J.~M. and {Dor{\'e}}, O. and {Douspis}, M. and {Ducout}, A. and 
	{Dupac}, X. and {Efstathiou}, G. and {Elsner}, F. and {En{\ss}lin}, T.~A. and 
	{Eriksen}, H.~K. and {Falgarone}, E. and {Fantaye}, Y. and {Finelli}, F. and 
	{Forastieri}, F. and {Frailis}, M. and {Fraisse}, A.~A. and 
	{Franceschi}, E. and {Frolov}, A. and {Galeotta}, S. and {Galli}, S. and 
	{Ganga}, K. and {G{\'e}nova-Santos}, R.~T. and {Gerbino}, M. and 
	{Ghosh}, T. and {Gonz{\'a}lez-Nuevo}, J. and {G{\'o}rski}, K.~M. and 
	{Gratton}, S. and {Gruppuso}, A. and {Gudmundsson}, J.~E. and 
	{Hansen}, F.~K. and {Helou}, G. and {Henrot-Versill{\'e}}, S. and 
	{Herranz}, D. and {Hivon}, E. and {Huang}, Z. and {Ili{\'c}}, S. and 
	{Jaffe}, A.~H. and {Jones}, W.~C. and {Keih{\"a}nen}, E. and 
	{Keskitalo}, R. and {Kisner}, T.~S. and {Knox}, L. and {Krachmalnicoff}, N. and 
	{Kunz}, M. and {Kurki-Suonio}, H. and {Lagache}, G. and {Lamarre}, J.-M. and 
	{Langer}, M. and {Lasenby}, A. and {Lattanzi}, M. and {Lawrence}, C.~R. and 
	{Le Jeune}, M. and {Leahy}, J.~P. and {Levrier}, F. and {Liguori}, M. and 
	{Lilje}, P.~B. and {L{\'o}pez-Caniego}, M. and {Ma}, Y.-Z. and 
	{Mac{\'{\i}}as-P{\'e}rez}, J.~F. and {Maggio}, G. and {Mangilli}, A. and 
	{Maris}, M. and {Martin}, P.~G. and {Mart{\'{\i}}nez-Gonz{\'a}lez}, E. and 
	{Matarrese}, S. and {Mauri}, N. and {McEwen}, J.~D. and {Meinhold}, P.~R. and 
	{Melchiorri}, A. and {Mennella}, A. and {Migliaccio}, M. and 
	{Miville-Desch{\^e}nes}, M.-A. and {Molinari}, D. and {Moneti}, A. and 
	{Montier}, L. and {Morgante}, G. and {Moss}, A. and {Mottet}, S. and 
	{Naselsky}, P. and {Natoli}, P. and {Oxborrow}, C.~A. and {Pagano}, L. and 
	{Paoletti}, D. and {Partridge}, B. and {Patanchon}, G. and {Patrizii}, L. and 
	{Perdereau}, O. and {Perotto}, L. and {Pettorino}, V. and {Piacentini}, F. and 
	{Plaszczynski}, S. and {Polastri}, L. and {Polenta}, G. and 
	{Puget}, J.-L. and {Rachen}, J.~P. and {Racine}, B. and {Reinecke}, M. and 
	{Remazeilles}, M. and {Renzi}, A. and {Rocha}, G. and {Rossetti}, M. and 
	{Roudier}, G. and {Rubi{\~n}o-Mart{\'{\i}}n}, J.~A. and {Ruiz-Granados}, B. and 
	{Salvati}, L. and {Sandri}, M. and {Savelainen}, M. and {Scott}, D. and 
	{Sirri}, G. and {Sunyaev}, R. and {Suur-Uski}, A.-S. and {Tauber}, J.~A. and 
	{Tenti}, M. and {Toffolatti}, L. and {Tomasi}, M. and {Tristram}, M. and 
	{Trombetti}, T. and {Valiviita}, J. and {Van Tent}, F. and {Vibert}, L. and 
	{Vielva}, P. and {Villa}, F. and {Vittorio}, N. and {Wandelt}, B.~D. and 
	{Watson}, R. and {Wehus}, I.~K. and {White}, M. and {Zacchei}, A. and 
	{Zonca}, A.},
    title = "{Planck intermediate results. XLVI. Reduction of large-scale systematic effects in HFI polarization maps and estimation of the reionization optical depth}",
  journal = {\aap},
archivePrefix = "arXiv",
   eprint = {1605.02985},
 keywords = {cosmology: observations, dark ages, reionization, first stars, cosmic background radiation, space vehicles: instruments, instrumentation: detectors},
     year = 2016,
    month = dec,
   volume = 596,
      eid = {A107},
    pages = {A107},
      doi = {10.1051/0004-6361/201628890},
   adsurl = {http://adsabs.harvard.edu/abs/2016A%26A...596A.107P},
  adsnote = {Provided by the SAO/NASA Astrophysics Data System}
}
